%% This BibTeX bibliography file was created using BibDesk.
%% http://bibdesk.sourceforge.net/

%% Created for Z.W. Sybesma at 2020-04-20 16:50:36 +0000 


%% Saved with string encoding Unicode (UTF-8) 



@article{Bhattacharya:2020ymw,
	Archiveprefix = {arXiv},
	Author = {Bhattacharya, Aranya},
	Date-Added = {2020-04-20 16:50:18 +0000},
	Date-Modified = {2020-04-20 16:50:18 +0000},
	Eprint = {2003.11870},
	Primaryclass = {hep-th},
	Slaccitation = {%%CITATION = ARXIV:2003.11870;%%},
	Title = {{Multipartite Purification, Multiboundary Wormholes and Islands in AdS$_{3}$/CFT$_{2}$}},
	Year = {2020}}

@article{Mandal:1991tz,
	Author = {Mandal, Gautam and Sengupta, Anirvan M. and Wadia, Spenta R.},
	Doi = {10.1142/S0217732391001822},
	Journal = {Mod. Phys. Lett. A},
	Pages = {1685--1692},
	Reportnumber = {IASSNS-HEP-91-10},
	Title = {{Classical solutions of two-dimensional string theory}},
	Volume = {6},
	Year = {1991},
	Bdsk-Url-1 = {https://doi.org/10.1142/S0217732391001822}}

@article{Balasubramanian:2020hfs,
	Archiveprefix = {arXiv},
	Author = {Balasubramanian, Vijay and Kar, Arjun and Parrikar, Onkar and S{\'a}rosi, G{\'a}bor and Ugajin, Tomonori},
	Date-Added = {2020-03-17 18:31:07 +0000},
	Date-Modified = {2020-03-17 18:31:07 +0000},
	Eprint = {2003.05448},
	Primaryclass = {hep-th},
	Reportnumber = {CERN-TH-2020-039},
	Slaccitation = {%%CITATION = ARXIV:2003.05448;%%},
	Title = {{Geometric secret sharing in a model of Hawking radiation}},
	Year = {2020}}

@article{Aharony:1998ub,
	Archiveprefix = {arXiv},
	Author = {Aharony, Ofer and Berkooz, Micha and Kutasov, David and Seiberg, Nathan},
	Doi = {10.1088/1126-6708/1998/10/004},
	Eprint = {hep-th/9808149},
	Journal = {JHEP},
	Pages = {004},
	Primaryclass = {hep-th},
	Reportnumber = {EFI-98-39, RU-98-38, IASSNS-HEP-98-75},
	Slaccitation = {%%CITATION = HEP-TH/9808149;%%},
	Title = {{Linear dilatons, NS five-branes and holography}},
	Volume = {10},
	Year = {1998},
	Bdsk-Url-1 = {https://doi.org/10.1088/1126-6708/1998/10/004}}

@article{Varadarajan:2016kei,
	Archiveprefix = {arXiv},
	Author = {Varadarajan, Madhavan},
	Doi = {10.1007/s10714-016-2030-9},
	Eprint = {1602.00106},
	Journal = {Gen. Rel. Grav.},
	Number = {3},
	Pages = {35},
	Primaryclass = {gr-qc},
	Slaccitation = {%%CITATION = ARXIV:1602.00106;%%},
	Title = {{A Note on Entanglement Entropy, Coherent States and Gravity}},
	Volume = {48},
	Year = {2016},
	Bdsk-Url-1 = {https://doi.org/10.1007/s10714-016-2030-9}}

@article{Harlow:2014yka,
	Archiveprefix = {arXiv},
	Author = {Harlow, Daniel},
	Date-Added = {2020-02-18 15:22:22 +0000},
	Date-Modified = {2020-02-18 15:22:22 +0000},
	Doi = {10.1103/RevModPhys.88.015002},
	Eprint = {1409.1231},
	Journal = {Rev. Mod. Phys.},
	Pages = {015002},
	Primaryclass = {hep-th},
	Slaccitation = {%%CITATION = ARXIV:1409.1231;%%},
	Title = {{Jerusalem Lectures on Black Holes and Quantum Information}},
	Volume = {88},
	Year = {2016},
	Bdsk-Url-1 = {https://doi.org/10.1103/RevModPhys.88.015002}}

@article{Chen:2019uhq,
	Archiveprefix = {arXiv},
	Author = {Chen, Hong Zhe and Fisher, Zachary and Hernandez, Juan and Myers, Robert C. and Ruan, Shan-Ming},
	Doi = {10.1007/JHEP03(2020)152},
	Eprint = {1911.03402},
	Journal = {JHEP},
	Pages = {152},
	Primaryclass = {hep-th},
	Title = {{Information Flow in Black Hole Evaporation}},
	Volume = {03},
	Year = {2020},
	Bdsk-Url-1 = {https://doi.org/10.1007/JHEP03(2020)152}}

@article{Almheiri:2019psy,
	Archiveprefix = {arXiv},
	Author = {Almheiri, Ahmed and Mahajan, Raghu and Santos, Jorge E.},
	Date-Added = {2020-02-18 15:02:15 +0000},
	Date-Modified = {2020-02-18 15:02:15 +0000},
	Eprint = {1911.09666},
	Primaryclass = {hep-th},
	Slaccitation = {%%CITATION = ARXIV:1911.09666;%%},
	Title = {{Entanglement islands in higher dimensions}},
	Year = {2019}}

@article{Rocha:2008fe,
	Archiveprefix = {arXiv},
	Author = {Rocha, Jorge V.},
	Date-Added = {2020-02-18 14:55:39 +0000},
	Date-Modified = {2020-02-18 14:55:39 +0000},
	Doi = {10.1088/1126-6708/2008/08/075},
	Eprint = {0804.0055},
	Journal = {JHEP},
	Pages = {075},
	Primaryclass = {hep-th},
	Slaccitation = {%%CITATION = ARXIV:0804.0055;%%},
	Title = {{Evaporation of large black holes in AdS: Coupling to the evaporon}},
	Volume = {08},
	Year = {2008},
	Bdsk-Url-1 = {https://doi.org/10.1088/1126-6708/2008/08/075}}

@article{Akers:2019nfi,
	Archiveprefix = {arXiv},
	Author = {Akers, Chris and Engelhardt, Netta and Harlow, Daniel},
	Date-Added = {2020-02-18 14:52:01 +0000},
	Date-Modified = {2020-02-18 14:52:01 +0000},
	Eprint = {1910.00972},
	Primaryclass = {hep-th},
	Slaccitation = {%%CITATION = ARXIV:1910.00972;%%},
	Title = {{Simple holographic models of black hole evaporation}},
	Year = {2019}}

@article{Rozali:2019day,
	Archiveprefix = {arXiv},
	Author = {Rozali, Moshe and Sully, James and Van Raamsdonk, Mark and Waddell, Christopher and Wakeham, David},
	Date-Added = {2020-02-18 14:25:19 +0000},
	Date-Modified = {2020-02-18 14:25:19 +0000},
	Eprint = {1910.12836},
	Primaryclass = {hep-th},
	Slaccitation = {%%CITATION = ARXIV:1910.12836;%%},
	Title = {{Information radiation in BCFT models of black holes}},
	Year = {2019}}

@article{Hawking:1976aa,
	Author = {S. W. Hawking"},
	Date-Added = {2020-02-18 13:20:40 +0000},
	Date-Modified = {2020-02-18 13:20:40 +0000},
	Doi = {10.1103/PhysRevD.14.2460},
	Journal = {Physical Review D},
	Number = {10},
	Pages = {2460--2473},
	Title = {Breakdown of predictability in gravitational collapse},
	Volume = {14},
	Year = {1976},
	Bdsk-Url-1 = {https://doi.org/10.1103/PhysRevD.14.2460}}

@article{Liu:2020gnp,
	Archiveprefix = {arXiv},
	Author = {Liu, Hong and Vardhan, Shreya},
	Date-Added = {2020-02-18 13:18:07 +0000},
	Date-Modified = {2020-02-18 13:18:07 +0000},
	Eprint = {2002.05734},
	Primaryclass = {hep-th},
	Slaccitation = {%%CITATION = ARXIV:2002.05734;%%},
	Title = {{A dynamical mechanism for the Page curve from quantum chaos}},
	Year = {2020}}

@article{Pollack:2020gfa,
	Archiveprefix = {arXiv},
	Author = {Pollack, Jason and Rozali, Moshe and Sully, James and Wakeham, David},
	Date-Added = {2020-02-18 13:12:32 +0000},
	Date-Modified = {2020-02-18 13:12:32 +0000},
	Eprint = {2002.02971},
	Primaryclass = {hep-th},
	Slaccitation = {%%CITATION = ARXIV:2002.02971;%%},
	Title = {{Eigenstate Thermalization and Disorder Averaging in Gravity}},
	Year = {2020}}

@article{Penington:2019kki,
	Archiveprefix = {arXiv},
	Author = {Penington, Geoff and Shenker, Stephen H. and Stanford, Douglas and Yang, Zhenbin},
	Date-Added = {2020-02-18 13:10:24 +0000},
	Date-Modified = {2020-02-18 13:10:24 +0000},
	Eprint = {1911.11977},
	Primaryclass = {hep-th},
	Slaccitation = {%%CITATION = ARXIV:1911.11977;%%},
	Title = {{Replica wormholes and the black hole interior}},
	Year = {2019}}

@article{Almheiri:2019qdq,
	Archiveprefix = {arXiv},
	Author = {Almheiri, Ahmed and Hartman, Thomas and Maldacena, Juan and Shaghoulian, Edgar and Tajdini, Amirhossein},
	Date-Added = {2020-02-18 13:10:02 +0000},
	Date-Modified = {2020-02-18 13:10:02 +0000},
	Eprint = {1911.12333},
	Primaryclass = {hep-th},
	Slaccitation = {%%CITATION = ARXIV:1911.12333;%%},
	Title = {{Replica Wormholes and the Entropy of Hawking Radiation}},
	Year = {2019}}

@article{Laddha:2020kvp,
	Archiveprefix = {arXiv},
	Author = {Laddha, Alok and Prabhu, Siddharth G. and Raju, Suvrat and Shrivastava, Pushkal},
	Date-Added = {2020-02-14 10:26:58 +0000},
	Date-Modified = {2020-02-14 10:26:58 +0000},
	Eprint = {2002.02448},
	Primaryclass = {hep-th},
	Slaccitation = {%%CITATION = ARXIV:2002.02448;%%},
	Title = {{The Holographic Nature of Null Infinity}},
	Year = {2020}}

@article{Hubeny:2007xt,
	Archiveprefix = {arXiv},
	Author = {Hubeny, Veronika E. and Rangamani, Mukund and Takayanagi, Tadashi},
	Date-Added = {2020-02-13 18:02:38 +0000},
	Date-Modified = {2020-02-13 18:02:38 +0000},
	Doi = {10.1088/1126-6708/2007/07/062},
	Eprint = {0705.0016},
	Journal = {JHEP},
	Pages = {062},
	Primaryclass = {hep-th},
	Reportnumber = {DCPT-07-13, KUNS-2069},
	Slaccitation = {%%CITATION = ARXIV:0705.0016;%%},
	Title = {{A Covariant holographic entanglement entropy proposal}},
	Volume = {07},
	Year = {2007},
	Bdsk-Url-1 = {https://doi.org/10.1088/1126-6708/2007/07/062}}

@article{Hawking:1974rv,
	Author = {Hawking, S. W.},
	Date-Added = {2020-02-13 17:56:50 +0000},
	Date-Modified = {2020-02-13 17:56:50 +0000},
	Doi = {10.1038/248030a0},
	Journal = {Nature},
	Pages = {30-31},
	Slaccitation = {%%CITATION = NATUA,248,30;%%},
	Title = {{Black hole explosions}},
	Volume = {248},
	Year = {1974},
	Bdsk-Url-1 = {https://doi.org/10.1038/248030a0}}

@article{Hawking:1974sw,
	Author = {Hawking, S. W.},
	Booktitle = {{Euclidean quantum gravity}},
	Date-Added = {2020-02-13 17:56:28 +0000},
	Date-Modified = {2020-02-13 17:56:28 +0000},
	Doi = {10.1007/BF02345020, 10.1007/BF01608497},
	Journal = {Commun. Math. Phys.},
	Note = {[,167(1975)]},
	Pages = {199-220},
	Slaccitation = {%%CITATION = CMPHA,43,199;%%},
	Title = {{Particle Creation by Black Holes}},
	Volume = {43},
	Year = {1975},
	Bdsk-Url-1 = {https://doi.org/10.1007/BF02345020,%2010.1007/BF01608497}}

@article{Page:2013dx,
	Archiveprefix = {arXiv},
	Author = {Page, Don N.},
	Date-Added = {2020-02-13 17:50:50 +0000},
	Date-Modified = {2020-02-13 17:50:50 +0000},
	Doi = {10.1088/1475-7516/2013/09/028},
	Eprint = {1301.4995},
	Journal = {JCAP},
	Pages = {028},
	Primaryclass = {hep-th},
	Slaccitation = {%%CITATION = ARXIV:1301.4995;%%},
	Title = {{Time Dependence of Hawking Radiation Entropy}},
	Volume = {1309},
	Year = {2013},
	Bdsk-Url-1 = {https://doi.org/10.1088/1475-7516/2013/09/028}}

@article{Page:1993wv,
	Archiveprefix = {arXiv},
	Author = {Page, Don N.},
	Date-Added = {2020-02-13 17:50:15 +0000},
	Date-Modified = {2020-02-13 17:50:15 +0000},
	Doi = {10.1103/PhysRevLett.71.3743},
	Eprint = {hep-th/9306083},
	Journal = {Phys. Rev. Lett.},
	Pages = {3743-3746},
	Primaryclass = {hep-th},
	Reportnumber = {ALBERTA-THY-24-93},
	Slaccitation = {%%CITATION = HEP-TH/9306083;%%},
	Title = {{Information in black hole radiation}},
	Volume = {71},
	Year = {1993},
	Bdsk-Url-1 = {https://doi.org/10.1103/PhysRevLett.71.3743}}

@article{Engelhardt:2014gca,
	Archiveprefix = {arXiv},
	Author = {Engelhardt, Netta and Wall, Aron C.},
	Date-Added = {2020-02-13 11:36:25 +0000},
	Date-Modified = {2020-02-13 11:36:25 +0000},
	Doi = {10.1007/JHEP01(2015)073},
	Eprint = {1408.3203},
	Journal = {JHEP},
	Pages = {073},
	Primaryclass = {hep-th},
	Slaccitation = {%%CITATION = ARXIV:1408.3203;%%},
	Title = {{Quantum Extremal Surfaces: Holographic Entanglement Entropy beyond the Classical Regime}},
	Volume = {01},
	Year = {2015},
	Bdsk-Url-1 = {https://doi.org/10.1007/JHEP01(2015)073}}

@article{Faulkner:2013ana,
	Archiveprefix = {arXiv},
	Author = {Faulkner, Thomas and Lewkowycz, Aitor and Maldacena, Juan},
	Date-Added = {2020-02-13 11:35:30 +0000},
	Date-Modified = {2020-02-13 11:35:30 +0000},
	Doi = {10.1007/JHEP11(2013)074},
	Eprint = {1307.2892},
	Journal = {JHEP},
	Pages = {074},
	Primaryclass = {hep-th},
	Slaccitation = {%%CITATION = ARXIV:1307.2892;%%},
	Title = {{Quantum corrections to holographic entanglement entropy}},
	Volume = {11},
	Year = {2013},
	Bdsk-Url-1 = {https://doi.org/10.1007/JHEP11(2013)074}}

@article{Frolov:2006is,
	Archiveprefix = {arXiv},
	Author = {Frolov, Andrei V. and Kristjansson, Kristjan R. and Thorlacius, Larus},
	Date-Added = {2020-01-13 08:42:27 +0000},
	Date-Modified = {2020-01-13 08:42:27 +0000},
	Doi = {10.1103/PhysRevD.73.124036},
	Eprint = {hep-th/0604041},
	Journal = {Phys. Rev.},
	Pages = {124036},
	Primaryclass = {hep-th},
	Reportnumber = {SU-ITP-06-11, NORDITA-2006-7, RH-09-2006},
	Slaccitation = {%%CITATION = HEP-TH/0604041;%%},
	Title = {{Global geometry of two-dimensional charged black holes}},
	Volume = {D73},
	Year = {2006},
	Bdsk-Url-1 = {https://doi.org/10.1103/PhysRevD.73.124036}}

@article{Frolov:2005ps,
	Archiveprefix = {arXiv},
	Author = {Frolov, Andrei V. and Kristjansson, Kristjan R. and Thorlacius, Larus},
	Date-Added = {2020-01-13 08:42:04 +0000},
	Date-Modified = {2020-01-13 08:42:04 +0000},
	Doi = {10.1103/PhysRevD.72.021501},
	Eprint = {hep-th/0504073},
	Journal = {Phys. Rev.},
	Pages = {021501},
	Primaryclass = {hep-th},
	Reportnumber = {SLAC-PUB-11141, SU-ITP-05-14},
	Slaccitation = {%%CITATION = HEP-TH/0504073;%%},
	Title = {{Semi-classical geometry of charged black holes}},
	Volume = {D72},
	Year = {2005},
	Bdsk-Url-1 = {https://doi.org/10.1103/PhysRevD.72.021501}}

@article{Solodukhin:1995te,
	Archiveprefix = {arXiv},
	Author = {Solodukhin, Sergey N.},
	Doi = {10.1103/PhysRevD.53.824},
	Eprint = {hep-th/9506206},
	Journal = {Phys. Rev.},
	Pages = {824-835},
	Primaryclass = {hep-th},
	Reportnumber = {JINR-E2-95-280},
	Slaccitation = {%%CITATION = HEP-TH/9506206;%%},
	Title = {{Two-dimensional quantum corrected eternal black hole}},
	Volume = {D53},
	Year = {1996},
	Bdsk-Url-1 = {https://doi.org/10.1103/PhysRevD.53.824}}

@article{Christensen:1977jc,
	Author = {Christensen, S. M. and Fulling, S. A.},
	Doi = {10.1103/PhysRevD.15.2088},
	Journal = {Phys. Rev.},
	Pages = {2088-2104},
	Slaccitation = {%%CITATION = PHRVA,D15,2088;%%},
	Title = {{Trace Anomalies and the Hawking Effect}},
	Volume = {D15},
	Year = {1977},
	Bdsk-Url-1 = {https://doi.org/10.1103/PhysRevD.15.2088}}

@article{Chapman:2018lsv,
	Archiveprefix = {arXiv},
	Author = {Chapman, Shira and Marrochio, Hugo and Myers, Robert C.},
	Date-Added = {2019-12-09 09:02:55 +0000},
	Date-Modified = {2019-12-09 09:02:55 +0000},
	Doi = {10.1007/JHEP06(2018)114},
	Eprint = {1805.07262},
	Journal = {JHEP},
	Pages = {114},
	Primaryclass = {hep-th},
	Slaccitation = {%%CITATION = ARXIV:1805.07262;%%},
	Title = {{Holographic complexity in Vaidya spacetimes. Part II}},
	Volume = {06},
	Year = {2018},
	Bdsk-Url-1 = {https://doi.org/10.1007/JHEP06(2018)114}}

@article{Carmi:2016wjl,
	Archiveprefix = {arXiv},
	Author = {Carmi, Dean and Myers, Robert C. and Rath, Pratik},
	Date-Added = {2019-12-09 08:59:50 +0000},
	Date-Modified = {2019-12-09 08:59:50 +0000},
	Doi = {10.1007/JHEP03(2017)118},
	Eprint = {1612.00433},
	Journal = {JHEP},
	Pages = {118},
	Primaryclass = {hep-th},
	Slaccitation = {%%CITATION = ARXIV:1612.00433;%%},
	Title = {{Comments on Holographic Complexity}},
	Volume = {03},
	Year = {2017},
	Bdsk-Url-1 = {https://doi.org/10.1007/JHEP03(2017)118}}

@article{Ryu:2006bv,
	Archiveprefix = {arXiv},
	Author = {Ryu, Shinsei and Takayanagi, Tadashi},
	Date-Added = {2019-12-09 08:44:31 +0000},
	Date-Modified = {2019-12-09 08:44:31 +0000},
	Doi = {10.1103/PhysRevLett.96.181602},
	Eprint = {hep-th/0603001},
	Journal = {Phys. Rev. Lett.},
	Pages = {181602},
	Primaryclass = {hep-th},
	Reportnumber = {NSF-KITP-06-11},
	Slaccitation = {%%CITATION = HEP-TH/0603001;%%},
	Title = {{Holographic derivation of entanglement entropy from AdS/CFT}},
	Volume = {96},
	Year = {2006},
	Bdsk-Url-1 = {https://doi.org/10.1103/PhysRevLett.96.181602}}

@article{Schneiderbauer:2019anh,
	Archiveprefix = {arXiv},
	Author = {Schneiderbauer, Lukas and Sybesma, Watse and Thorlacius, L{\'a}rus},
	Date-Added = {2019-12-09 08:38:04 +0000},
	Date-Modified = {2019-12-09 08:38:04 +0000},
	Eprint = {1911.06800},
	Primaryclass = {hep-th},
	Slaccitation = {%%CITATION = ARXIV:1911.06800;%%},
	Title = {{Holographic Complexity: Stretching the Horizon of an Evaporating Black Hole}},
	Year = {2019}}

@article{Cruz:1996zy,
	Archiveprefix = {arXiv},
	Author = {Cruz, J. and Navarro-Salas, J. and Talavera, C. F. and Navarro, M.},
	Doi = {10.1016/S0370-2693(97)00458-9},
	Eprint = {hep-th/9606097},
	Journal = {Phys. Lett.},
	Pages = {270-275},
	Primaryclass = {hep-th},
	Reportnumber = {FTUV-95-31A, IFIC-95-33A},
	Slaccitation = {%%CITATION = HEP-TH/9606097;%%},
	Title = {{Conformal and non-conformal symmetries in 2-D dilaton gravity}},
	Volume = {B402},
	Year = {1997},
	Bdsk-Url-1 = {https://doi.org/10.1016/S0370-2693(97)00458-9}}

@inproceedings{Giddings:1994pj,
	Archiveprefix = {arXiv},
	Author = {Giddings, Steven B.},
	Booktitle = {{Proceedings, Summer School in High-energy physics and cosmology: Trieste, Italy, June 13-July 29, 1994}},
	Date-Added = {2019-11-06 14:59:39 +0000},
	Date-Modified = {2019-11-06 14:59:39 +0000},
	Eprint = {hep-th/9412138},
	Pages = {0530-574},
	Primaryclass = {hep-th},
	Reportnumber = {UCSBTH-94-52},
	Slaccitation = {%%CITATION = HEP-TH/9412138;%%},
	Title = {{Quantum mechanics of black holes}},
	Year = {1994}}

@inproceedings{Strominger:1994tn,
	Archiveprefix = {arXiv},
	Author = {Strominger, Andrew},
	Booktitle = {{NATO Advanced Study Institute: Les Houches Summer School, Session 62: Fluctuating Geometries in Statistical Mechanics and Field Theory Les Houches, France, August 2-September 9, 1994}},
	Date-Added = {2019-11-06 14:54:57 +0000},
	Date-Modified = {2019-11-06 14:54:57 +0000},
	Eprint = {hep-th/9501071},
	Primaryclass = {hep-th},
	Slaccitation = {%%CITATION = HEP-TH/9501071;%%},
	Title = {{Les Houches lectures on black holes}},
	Year = {1994}}

@inproceedings{Harvey:1992xk,
	Archiveprefix = {arXiv},
	Author = {Harvey, Jeffrey A. and Strominger, Andrew},
	Booktitle = {{Proceedings, Theoretical Advanced Study Institute (TASI 92): From Black Holes and Strings to Particles: Boulder, USA, June 1-26, 1992}},
	Date-Added = {2019-11-06 14:52:37 +0000},
	Date-Modified = {2019-11-06 14:52:37 +0000},
	Eprint = {hep-th/9209055},
	Note = {[,122(1992)]},
	Pages = {537-588},
	Primaryclass = {hep-th},
	Reportnumber = {EFI-92-41},
	Slaccitation = {%%CITATION = HEP-TH/9209055;%%},
	Title = {{Quantum aspects of black holes}},
	Year = {1993}}

@inproceedings{Susskind:2018pmk,
	Archiveprefix = {arXiv},
	Author = {Susskind, Leonard},
	Date-Added = {2019-11-06 13:48:38 +0000},
	Date-Modified = {2019-11-06 13:48:38 +0000},
	Eprint = {1810.11563},
	Primaryclass = {hep-th},
	Slaccitation = {%%CITATION = ARXIV:1810.11563;%%},
	Title = {{Three Lectures on Complexity and Black Holes}},
	Year = {2018}}

@article{sst_inprep,
	Author = {Schneiderbauer, Lukas and Sybesma, Watse and Thorlacius, Larus},
	Date-Added = {2019-11-06 13:40:33 +0000},
	Date-Modified = {2019-11-06 13:44:45 +0000},
	Title = {in preparation.}}

@article{Susskind:1993if,
	Archiveprefix = {arXiv},
	Author = {Susskind, Leonard and Thorlacius, Larus and Uglum, John},
	Date-Added = {2019-11-06 11:44:02 +0000},
	Date-Modified = {2019-11-06 11:44:02 +0000},
	Doi = {10.1103/PhysRevD.48.3743},
	Eprint = {hep-th/9306069},
	Journal = {Phys. Rev.},
	Pages = {3743-3761},
	Primaryclass = {hep-th},
	Reportnumber = {SU-ITP-93-15},
	Slaccitation = {%%CITATION = HEP-TH/9306069;%%},
	Title = {{The Stretched horizon and black hole complementarity}},
	Volume = {D48},
	Year = {1993},
	Bdsk-Url-1 = {https://doi.org/10.1103/PhysRevD.48.3743}}

@inproceedings{Susskind:2018vql,
	Archiveprefix = {arXiv},
	Author = {Susskind, Leonard},
	Date-Added = {2019-11-06 11:40:53 +0000},
	Date-Modified = {2019-11-06 11:40:53 +0000},
	Eprint = {1808.09941},
	Primaryclass = {hep-th},
	Slaccitation = {%%CITATION = ARXIV:1808.09941;%%},
	Title = {{PiTP Lectures on Complexity and Black Holes}},
	Year = {2018}}

@article{Banks:1992ba,
	Archiveprefix = {arXiv},
	Author = {Banks, Tom and Dabholkar, A. and Douglas, Michael R. and O'Loughlin, M.},
	Date-Added = {2019-11-06 11:04:56 +0000},
	Date-Modified = {2019-11-06 11:04:56 +0000},
	Doi = {10.1103/PhysRevD.45.3607},
	Eprint = {hep-th/9201061},
	Journal = {Phys. Rev.},
	Pages = {3607-3616},
	Primaryclass = {hep-th},
	Reportnumber = {RU-91-54},
	Slaccitation = {%%CITATION = HEP-TH/9201061;%%},
	Title = {{Are horned particles the climax of Hawking evaporation?}},
	Volume = {D45},
	Year = {1992},
	Bdsk-Url-1 = {https://doi.org/10.1103/PhysRevD.45.3607}}

@article{Piran:1993tq,
	Archiveprefix = {arXiv},
	Author = {Piran, Tsvi and Strominger, Andrew},
	Date-Added = {2019-09-19 09:30:48 +0000},
	Date-Modified = {2019-09-19 09:30:48 +0000},
	Doi = {10.1103/PhysRevD.48.4729},
	Eprint = {hep-th/9304148},
	Journal = {Phys. Rev.},
	Pages = {4729-4734},
	Primaryclass = {hep-th},
	Reportnumber = {NSF-ITP-93-36},
	Slaccitation = {%%CITATION = HEP-TH/9304148;%%},
	Title = {{Numerical analysis of black hole evaporation}},
	Volume = {D48},
	Year = {1993},
	Bdsk-Url-1 = {https://doi.org/10.1103/PhysRevD.48.4729}}

@article{Fareghbal:2018ngr,
	Archiveprefix = {arXiv},
	Author = {Fareghbal, Reza and Karimi, Pedram},
	Date-Added = {2019-09-17 10:23:29 +0000},
	Date-Modified = {2019-09-17 10:23:29 +0000},
	Doi = {10.1103/PhysRevD.98.046003},
	Eprint = {1806.07273},
	Journal = {Phys. Rev.},
	Number = {4},
	Pages = {046003},
	Primaryclass = {hep-th},
	Slaccitation = {%%CITATION = ARXIV:1806.07273;%%},
	Title = {{Complexity growth in flat spacetimes}},
	Volume = {D98},
	Year = {2018},
	Bdsk-Url-1 = {https://doi.org/10.1103/PhysRevD.98.046003}}

@article{Fiola1994,
	Abstract = {Black hole evaporation is investigated in a (1+1)-dimensional model of quantum gravity. Quantum corrections to the black hole entropy are computed, and the fine-grained entropy of the Hawking radiation is studied. A generalized second law of thermodynamics is formulated, and shown to be valid under suitable conditions. It is also shown that, in this model, a black hole can consume an arbitrarily large amount of information.},
	Archiveprefix = {arXiv},
	Arxivid = {hep-th/9403137},
	Author = {Fiola, Thomas M. and Preskill, John and Strominger, Andrew and Trivedi, Sandip P.},
	Doi = {10.1103/PhysRevD.50.3987},
	Eprint = {9403137},
	Issn = {0556-2821},
	Journal = {Physical Review D},
	Month = {mar},
	Number = {6},
	Pages = {3987--4014},
	Primaryclass = {hep-th},
	Title = {{Black hole thermodynamics and information loss in two dimensions}},
	Url = {https://link.aps.org/doi/10.1103/PhysRevD.50.3987 http://arxiv.org/abs/hep-th/9403137 http://dx.doi.org/10.1103/PhysRevD.50.3987},
	Volume = {50},
	Year = {1994},
	Bdsk-Url-1 = {https://link.aps.org/doi/10.1103/PhysRevD.50.3987%20http://arxiv.org/abs/hep-th/9403137%20http://dx.doi.org/10.1103/PhysRevD.50.3987},
	Bdsk-Url-2 = {https://doi.org/10.1103/PhysRevD.50.3987}}

@article{Myers1994,
	Abstract = {Black hole entropy is studied for an exactly solvable model of two-dimensional gravity$\backslash$cite{\{}rst1{\}}, using recently developed Noether charge techniques$\backslash$cite{\{}wald1{\}}. This latter approach is extended to accomodate the non-local form of the semiclassical effective action. In the two-dimensional model, the final black hole entropy can be expressed as a local quantity evaluated on the horizon. This entropy is shown to satisfy an increase theorem on either the global or apparent horizon of a two-dimensional black hole.},
	Archiveprefix = {arXiv},
	Arxivid = {hep-th/9405162},
	Author = {Myers, Robert C},
	Doi = {10.1103/PhysRevD.50.6412},
	Eprint = {9405162},
	Isbn = {9405162v314},
	Issn = {0556-2821},
	Journal = {Physical Review D},
	Month = {may},
	Number = {10},
	Pages = {6412--6421},
	Primaryclass = {hep-th},
	Title = {{Black Hole Entropy in Two Dimensions}},
	Url = {https://arxiv.org/pdf/hep-th/9405162.pdf https://link.aps.org/doi/10.1103/PhysRevD.50.6412 http://arxiv.org/abs/hep-th/9405162 http://dx.doi.org/10.1103/PhysRevD.50.6412},
	Volume = {50},
	Year = {1994},
	Bdsk-Url-1 = {https://arxiv.org/pdf/hep-th/9405162.pdf%20https://link.aps.org/doi/10.1103/PhysRevD.50.6412%20http://arxiv.org/abs/hep-th/9405162%20http://dx.doi.org/10.1103/PhysRevD.50.6412},
	Bdsk-Url-2 = {https://doi.org/10.1103/PhysRevD.50.6412}}

@article{lloyd2000ultimate,
	Author = {Lloyd, Seth},
	Date-Added = {2019-09-13 14:25:34 +0000},
	Date-Modified = {2019-09-13 14:25:34 +0000},
	Journal = {Nature},
	Number = {6799},
	Pages = {1047},
	Publisher = {Nature Publishing Group},
	Title = {Ultimate physical limits to computation},
	Volume = {406},
	Year = {2000}}

@article{Chapman:2018dem,
	Archiveprefix = {arXiv},
	Author = {Chapman, Shira and Marrochio, Hugo and Myers, Robert C.},
	Date-Added = {2019-09-12 13:05:14 +0000},
	Date-Modified = {2019-09-12 13:05:14 +0000},
	Doi = {10.1007/JHEP06(2018)046},
	Eprint = {1804.07410},
	Journal = {JHEP},
	Pages = {046},
	Primaryclass = {hep-th},
	Slaccitation = {%%CITATION = ARXIV:1804.07410;%%},
	Title = {{Holographic complexity in Vaidya spacetimes. Part I}},
	Volume = {06},
	Year = {2018},
	Bdsk-Url-1 = {https://doi.org/10.1007/JHEP06(2018)046}}

@article{Brown:2018bms,
	Archiveprefix = {arXiv},
	Author = {Brown, Adam R. and Gharibyan, Hrant and Lin, Henry W. and Susskind, Leonard and Thorlacius, L{\'a}rus and Zhao, Ying},
	Date-Added = {2019-09-12 11:19:43 +0000},
	Date-Modified = {2019-09-12 11:19:43 +0000},
	Doi = {10.1103/PhysRevD.99.046016},
	Eprint = {1810.08741},
	Journal = {Phys. Rev.},
	Number = {4},
	Pages = {046016},
	Primaryclass = {hep-th},
	Slaccitation = {%%CITATION = ARXIV:1810.08741;%%},
	Title = {{Complexity of Jackiw-Teitelboim gravity}},
	Volume = {D99},
	Year = {2019},
	Bdsk-Url-1 = {https://doi.org/10.1103/PhysRevD.99.046016}}

@article{Susskind:2014jwa,
	Archiveprefix = {arXiv},
	Author = {Susskind, Leonard and Zhao, Ying},
	Date-Added = {2019-09-09 18:11:24 +0000},
	Date-Modified = {2019-09-09 18:11:24 +0000},
	Eprint = {1408.2823},
	Primaryclass = {hep-th},
	Slaccitation = {%%CITATION = ARXIV:1408.2823;%%},
	Title = {{Switchbacks and the Bridge to Nowhere}},
	Year = {2014}}

@article{Stanford:2014jda,
	Archiveprefix = {arXiv},
	Author = {Stanford, Douglas and Susskind, Leonard},
	Date-Added = {2019-09-09 15:44:32 +0000},
	Date-Modified = {2019-09-09 15:44:32 +0000},
	Doi = {10.1103/PhysRevD.90.126007},
	Eprint = {1406.2678},
	Journal = {Phys. Rev.},
	Number = {12},
	Pages = {126007},
	Primaryclass = {hep-th},
	Slaccitation = {%%CITATION = ARXIV:1406.2678;%%},
	Title = {{Complexity and Shock Wave Geometries}},
	Volume = {D90},
	Year = {2014},
	Bdsk-Url-1 = {https://doi.org/10.1103/PhysRevD.90.126007}}

@article{Susskind:2014moa,
	Archiveprefix = {arXiv},
	Author = {Susskind, Leonard},
	Date-Added = {2019-09-09 15:23:21 +0000},
	Date-Modified = {2019-09-09 15:23:21 +0000},
	Doi = {10.1002/prop.201500095},
	Eprint = {1411.0690},
	Journal = {Fortsch. Phys.},
	Pages = {49-71},
	Primaryclass = {hep-th},
	Slaccitation = {%%CITATION = ARXIV:1411.0690;%%},
	Title = {{Entanglement is not enough}},
	Volume = {64},
	Year = {2016},
	Bdsk-Url-1 = {https://doi.org/10.1002/prop.201500095}}

@article{Brown:2015lvg,
	Archiveprefix = {arXiv},
	Author = {Brown, Adam R. and Roberts, Daniel A. and Susskind, Leonard and Swingle, Brian and Zhao, Ying},
	Date-Added = {2019-05-29 09:07:08 +0000},
	Date-Modified = {2019-05-29 09:07:08 +0000},
	Doi = {10.1103/PhysRevD.93.086006},
	Eprint = {1512.04993},
	Journal = {Phys. Rev.},
	Number = {8},
	Pages = {086006},
	Primaryclass = {hep-th},
	Slaccitation = {%%CITATION = ARXIV:1512.04993;%%},
	Title = {{Complexity, action, and black holes}},
	Volume = {D93},
	Year = {2016},
	Bdsk-Url-1 = {https://doi.org/10.1103/PhysRevD.93.086006}}

@article{Brown:2015bva,
	Archiveprefix = {arXiv},
	Author = {Brown, Adam R. and Roberts, Daniel A. and Susskind, Leonard and Swingle, Brian and Zhao, Ying},
	Date-Added = {2019-05-29 09:06:06 +0000},
	Date-Modified = {2019-05-29 09:06:06 +0000},
	Doi = {10.1103/PhysRevLett.116.191301},
	Eprint = {1509.07876},
	Journal = {Phys. Rev. Lett.},
	Number = {19},
	Pages = {191301},
	Primaryclass = {hep-th},
	Slaccitation = {%%CITATION = ARXIV:1509.07876;%%},
	Title = {{Holographic Complexity Equals Bulk Action?}},
	Volume = {116},
	Year = {2016},
	Bdsk-Url-1 = {https://doi.org/10.1103/PhysRevLett.116.191301}}

@article{Susskind:2014rva,
	Archiveprefix = {arXiv},
	Author = {Susskind, Leonard},
	Date-Added = {2019-05-29 09:05:13 +0000},
	Date-Modified = {2019-05-29 09:05:13 +0000},
	Doi = {10.1002/prop.201500093, 10.1002/prop.201500092},
	Eprint = {1403.5695},
	Journal = {Fortsch. Phys.},
	Note = {[Fortsch. Phys.64,24(2016)]},
	Pages = {44-48},
	Primaryclass = {hep-th},
	Reportnumber = {arXiv:1402.5674},
	Slaccitation = {%%CITATION = ARXIV:1403.5695;%%},
	Title = {{Computational Complexity and Black Hole Horizons}},
	Volume = {64},
	Year = {2016},
	Bdsk-Url-1 = {https://doi.org/10.1002/prop.201500093,%2010.1002/prop.201500092}}

@article{Lehner:2016vdi,
	Archiveprefix = {arXiv},
	Author = {Lehner, Luis and Myers, Robert C. and Poisson, Eric and Sorkin, Rafael D.},
	Date-Added = {2019-05-24 11:00:29 +0000},
	Date-Modified = {2019-05-24 11:00:29 +0000},
	Doi = {10.1103/PhysRevD.94.084046},
	Eprint = {1609.00207},
	Journal = {Phys. Rev.},
	Number = {8},
	Pages = {084046},
	Primaryclass = {hep-th},
	Slaccitation = {%%CITATION = ARXIV:1609.00207;%%},
	Title = {{Gravitational action with null boundaries}},
	Volume = {D94},
	Year = {2016},
	Bdsk-Url-1 = {https://doi.org/10.1103/PhysRevD.94.084046}}

@article{Hayward:1994dw,
	Archiveprefix = {arXiv},
	Author = {Hayward, Justin Derek},
	Date-Added = {2019-05-24 09:11:00 +0000},
	Date-Modified = {2019-05-24 09:11:00 +0000},
	Doi = {10.1103/PhysRevD.52.2239},
	Eprint = {gr-qc/9412065},
	Journal = {Phys. Rev.},
	Pages = {2239-2244},
	Primaryclass = {gr-qc},
	Reportnumber = {DAMTP-R-94-61},
	Slaccitation = {%%CITATION = GR-QC/9412065;%%},
	Title = {{Entropy in the RST model}},
	Volume = {D52},
	Year = {1995},
	Bdsk-Url-1 = {https://doi.org/10.1103/PhysRevD.52.2239}}

@article{Russo:1992yh,
	Archiveprefix = {arXiv},
	Author = {Russo, Jorge G. and Susskind, Leonard and Thorlacius, Larus},
	Date-Added = {2019-05-24 08:43:36 +0000},
	Date-Modified = {2019-05-24 08:43:36 +0000},
	Doi = {10.1103/PhysRevD.47.533},
	Eprint = {hep-th/9209012},
	Journal = {Phys. Rev.},
	Pages = {533-539},
	Primaryclass = {hep-th},
	Reportnumber = {UTTG-19-92, SU-ITP-92-24},
	Slaccitation = {%%CITATION = HEP-TH/9209012;%%},
	Title = {{Cosmic censorship in two-dimensional gravity}},
	Volume = {D47},
	Year = {1993},
	Bdsk-Url-1 = {https://doi.org/10.1103/PhysRevD.47.533}}

@article{Russo:1992ax,
	Archiveprefix = {arXiv},
	Author = {Russo, Jorge G. and Susskind, Leonard and Thorlacius, Larus},
	Date-Added = {2019-05-24 08:43:14 +0000},
	Date-Modified = {2019-05-24 08:43:14 +0000},
	Doi = {10.1103/PhysRevD.46.3444},
	Eprint = {hep-th/9206070},
	Journal = {Phys. Rev.},
	Pages = {3444-3449},
	Primaryclass = {hep-th},
	Reportnumber = {SU-ITP-92-17},
	Slaccitation = {%%CITATION = HEP-TH/9206070;%%},
	Title = {{The Endpoint of Hawking radiation}},
	Volume = {D46},
	Year = {1992},
	Bdsk-Url-1 = {https://doi.org/10.1103/PhysRevD.46.3444}}

@article{deAlwis:1992emy,
	Archiveprefix = {arXiv},
	Author = {de Alwis, S. P.},
	Date-Added = {2019-05-23 21:20:53 +0000},
	Date-Modified = {2019-05-23 21:20:53 +0000},
	Doi = {10.1016/0370-2693(92)91219-Y},
	Eprint = {hep-th/9205069},
	Journal = {Phys. Lett.},
	Pages = {278-282},
	Primaryclass = {hep-th},
	Reportnumber = {COLO-HEP-280},
	Slaccitation = {%%CITATION = HEP-TH/9205069;%%},
	Title = {{Quantization of a theory of 2-d dilaton gravity}},
	Volume = {B289},
	Year = {1992},
	Bdsk-Url-1 = {https://doi.org/10.1016/0370-2693(92)91219-Y}}

@article{Bilal:1992kv,
	Archiveprefix = {arXiv},
	Author = {Bilal, Adel and Callan, Jr., Curtis G.},
	Date-Added = {2019-05-23 21:19:26 +0000},
	Date-Modified = {2019-05-23 21:19:26 +0000},
	Doi = {10.1016/0550-3213(93)90102-U},
	Eprint = {hep-th/9205089},
	Journal = {Nucl. Phys.},
	Pages = {73-100},
	Primaryclass = {hep-th},
	Reportnumber = {PUPT-1320-REV, PUPT-1320},
	Slaccitation = {%%CITATION = HEP-TH/9205089;%%},
	Title = {{Liouville models of black hole evaporation}},
	Volume = {B394},
	Year = {1993},
	Bdsk-Url-1 = {https://doi.org/10.1016/0550-3213(93)90102-U}}

@article{Dyer:2008hb,
	Archiveprefix = {arXiv},
	Author = {Dyer, Ethan and Hinterbichler, Kurt},
	Date-Added = {2019-05-23 14:53:03 +0000},
	Date-Modified = {2019-05-23 14:53:03 +0000},
	Doi = {10.1103/PhysRevD.79.024028},
	Eprint = {0809.4033},
	Journal = {Phys. Rev.},
	Pages = {024028},
	Primaryclass = {gr-qc},
	Slaccitation = {%%CITATION = ARXIV:0809.4033;%%},
	Title = {{Boundary Terms, Variational Principles and Higher Derivative Modified Gravity}},
	Volume = {D79},
	Year = {2009},
	Bdsk-Url-1 = {https://doi.org/10.1103/PhysRevD.79.024028}}

@article{Thorlacius:1994ip,
	Archiveprefix = {arXiv},
	Author = {Thorlacius, Larus},
	Booktitle = {{Trieste Spring School 1994:0245-278}},
	Date-Added = {2019-05-23 14:33:24 +0000},
	Date-Modified = {2019-05-23 14:33:24 +0000},
	Doi = {10.1016/0920-5632(95)00435-C},
	Eprint = {hep-th/9411020},
	Journal = {Nucl. Phys. Proc. Suppl.},
	Pages = {245-275},
	Primaryclass = {hep-th},
	Reportnumber = {NSF-ITP-94-109},
	Slaccitation = {%%CITATION = HEP-TH/9411020;%%},
	Title = {{Black hole evolution}},
	Volume = {41},
	Year = {1995},
	Bdsk-Url-1 = {https://doi.org/10.1016/0920-5632(95)00435-C}}

@article{Giddings:1992kn,
	Archiveprefix = {arXiv},
	Author = {Giddings, Steven B. and Strominger, Andrew},
	Date-Added = {2019-05-23 14:30:48 +0000},
	Date-Modified = {2019-05-23 14:30:48 +0000},
	Doi = {10.1103/PhysRevD.46.627},
	Eprint = {hep-th/9202004},
	Journal = {Phys. Rev.},
	Pages = {627-637},
	Primaryclass = {hep-th},
	Reportnumber = {UCSB-TH-92-01},
	Slaccitation = {%%CITATION = HEP-TH/9202004;%%},
	Title = {{Dynamics of extremal black holes}},
	Volume = {D46},
	Year = {1992},
	Bdsk-Url-1 = {https://doi.org/10.1103/PhysRevD.46.627}}

@article{Russo:1992ht,
	Archiveprefix = {arXiv},
	Author = {Russo, Jorge G. and Susskind, Leonard and Thorlacius, Larus},
	Date-Added = {2019-05-23 14:27:18 +0000},
	Date-Modified = {2019-05-23 14:27:18 +0000},
	Doi = {10.1016/0370-2693(92)90601-Y},
	Eprint = {hep-th/9201074},
	Journal = {Phys. Lett.},
	Pages = {13-18},
	Primaryclass = {hep-th},
	Reportnumber = {SU-ITP-92-4},
	Slaccitation = {%%CITATION = HEP-TH/9201074;%%},
	Title = {{Black hole evaporation in (1+1)-dimensions}},
	Volume = {B292},
	Year = {1992},
	Bdsk-Url-1 = {https://doi.org/10.1016/0370-2693(92)90601-Y}}

@article{Callan:1992rs,
	Archiveprefix = {arXiv},
	Author = {Callan, Jr., Curtis G. and Giddings, Steven B. and Harvey, Jeffrey A. and Strominger, Andrew},
	Date-Added = {2019-05-23 14:25:56 +0000},
	Date-Modified = {2019-05-23 14:25:56 +0000},
	Doi = {10.1103/PhysRevD.45.R1005},
	Eprint = {hep-th/9111056},
	Journal = {Phys. Rev.},
	Number = {4},
	Pages = {R1005},
	Primaryclass = {hep-th},
	Reportnumber = {UCSB-TH-91-54, EFI-91-67, PUPT-1294},
	Slaccitation = {%%CITATION = HEP-TH/9111056;%%},
	Title = {{Evanescent black holes}},
	Volume = {D45},
	Year = {1992},
	Bdsk-Url-1 = {https://doi.org/10.1103/PhysRevD.45.R1005}}

@article{Jensen:2014ama,
	Archiveprefix = {arXiv},
	Author = {Jensen, Kristan},
	Date-Added = {2019-03-04 15:58:21 +0000},
	Date-Modified = {2019-03-04 15:58:21 +0000},
	Doi = {10.1007/JHEP04(2015)123},
	Eprint = {1411.7024},
	Journal = {JHEP},
	Pages = {123},
	Primaryclass = {hep-th},
	Reportnumber = {YITP-SB-14-27},
	Slaccitation = {%%CITATION = ARXIV:1411.7024;%%},
	Title = {{Aspects of hot Galilean field theory}},
	Volume = {04},
	Year = {2015},
	Bdsk-Url-1 = {https://doi.org/10.1007/JHEP04(2015)123}}

@article{deBoer:2017ing,
	Archiveprefix = {arXiv},
	Author = {de Boer, Jan and Hartong, Jelle and Obers, Niels A. and Sybesma, Watse and Vandoren, Stefan},
	Date-Added = {2019-02-16 08:03:34 +0000},
	Date-Modified = {2019-02-16 08:03:34 +0000},
	Doi = {10.21468/SciPostPhys.5.1.003},
	Eprint = {1710.04708},
	Journal = {SciPost Phys.},
	Number = {1},
	Pages = {003},
	Primaryclass = {hep-th},
	Slaccitation = {%%CITATION = ARXIV:1710.04708;%%},
	Title = {{Perfect Fluids}},
	Volume = {5},
	Year = {2018},
	Bdsk-Url-1 = {https://doi.org/10.21468/SciPostPhys.5.1.003}}

@article{Roberts:2014isa,
	Archiveprefix = {arXiv},
	Author = {Roberts, Daniel A. and Stanford, Douglas and Susskind, Leonard},
	Doi = {10.1007/JHEP03(2015)051},
	Eprint = {1409.8180},
	Journal = {JHEP},
	Pages = {051},
	Primaryclass = {hep-th},
	Reportnumber = {MIT-CTP-4594, SU-ITP-14-20},
	Slaccitation = {%%CITATION = ARXIV:1409.8180;%%},
	Title = {{Localized shocks}},
	Volume = {03},
	Year = {2015},
	Bdsk-Url-1 = {https://doi.org/10.1007/JHEP03(2015)051}}

@article{Blake:2016wvh,
	Archiveprefix = {arXiv},
	Author = {Blake, Mike},
	Doi = {10.1103/PhysRevLett.117.091601},
	Eprint = {1603.08510},
	Journal = {Phys. Rev. Lett.},
	Number = {9},
	Pages = {091601},
	Primaryclass = {hep-th},
	Reportnumber = {DAMTP-2016-27},
	Slaccitation = {%%CITATION = ARXIV:1603.08510;%%},
	Title = {{Universal Charge Diffusion and the Butterfly Effect in Holographic Theories}},
	Volume = {117},
	Year = {2016},
	Bdsk-Url-1 = {https://doi.org/10.1103/PhysRevLett.117.091601}}

@article{Sfetsos:1994xa,
	Archiveprefix = {arXiv},
	Author = {Sfetsos, Konstadinos},
	Doi = {10.1016/0550-3213(94)00573-W},
	Eprint = {hep-th/9408169},
	Journal = {Nucl. Phys.},
	Pages = {721-745},
	Primaryclass = {hep-th},
	Reportnumber = {THU-94-13},
	Slaccitation = {%%CITATION = HEP-TH/9408169;%%},
	Title = {{On gravitational shock waves in curved space-times}},
	Volume = {B436},
	Year = {1995},
	Bdsk-Url-1 = {https://doi.org/10.1016/0550-3213(94)00573-W}}

@article{Carmi:2017jqz,
	Archiveprefix = {arXiv},
	Author = {Carmi, Dean and Chapman, Shira and Marrochio, Hugo and Myers, Robert C. and Sugishita, Sotaro},
	Date-Added = {2018-11-06 10:10:08 +0000},
	Date-Modified = {2018-11-06 10:10:08 +0000},
	Doi = {10.1007/JHEP11(2017)188},
	Eprint = {1709.10184},
	Journal = {JHEP},
	Pages = {188},
	Primaryclass = {hep-th},
	Slaccitation = {%%CITATION = ARXIV:1709.10184;%%},
	Title = {{On the Time Dependence of Holographic Complexity}},
	Volume = {11},
	Year = {2017},
	Bdsk-Url-1 = {https://doi.org/10.1007/JHEP11(2017)188}}

@article{Harlow:2018tqv,
	Archiveprefix = {arXiv},
	Author = {Harlow, Daniel and Jafferis, Daniel},
	Date-Added = {2018-10-15 09:37:00 +0000},
	Date-Modified = {2018-10-15 09:37:00 +0000},
	Eprint = {1804.01081},
	Primaryclass = {hep-th},
	Slaccitation = {%%CITATION = ARXIV:1804.01081;%%},
	Title = {{The Factorization Problem in Jackiw-Teitelboim Gravity}},
	Year = {2018}}

@article{Medved:2001sk,
	Archiveprefix = {arXiv},
	Author = {Medved, A. J. M.},
	Date-Added = {2018-10-14 10:57:20 +0000},
	Date-Modified = {2018-10-14 10:57:20 +0000},
	Eprint = {hep-th/0111091},
	Primaryclass = {hep-th},
	Slaccitation = {%%CITATION = HEP-TH/0111091;%%},
	Title = {{Reissner-Nordstrom near extremality from a Jackiw-Teitelboim perspective}},
	Year = {2001}}

@article{Vanzo:1997gw,
	Archiveprefix = {arXiv},
	Author = {Vanzo, Luciano},
	Date-Added = {2018-10-09 13:22:31 +0000},
	Date-Modified = {2018-10-09 13:22:31 +0000},
	Doi = {10.1103/PhysRevD.56.6475},
	Eprint = {gr-qc/9705004},
	Journal = {Phys. Rev.},
	Pages = {6475-6483},
	Primaryclass = {gr-qc},
	Reportnumber = {UTF-400},
	Slaccitation = {%%CITATION = GR-QC/9705004;%%},
	Title = {{Black holes with unusual topology}},
	Volume = {D56},
	Year = {1997},
	Bdsk-Url-1 = {https://doi.org/10.1103/PhysRevD.56.6475}}

@article{NavarroSalas:1999up,
	Archiveprefix = {arXiv},
	Author = {Navarro-Salas, J. and Navarro, P.},
	Date-Added = {2018-10-09 13:05:02 +0000},
	Date-Modified = {2018-10-09 13:05:02 +0000},
	Doi = {10.1016/S0550-3213(00)00165-6},
	Eprint = {hep-th/9910076},
	Journal = {Nucl. Phys.},
	Pages = {250-266},
	Primaryclass = {hep-th},
	Reportnumber = {FTUV-99-67, IFIC-99-70},
	Slaccitation = {%%CITATION = HEP-TH/9910076;%%},
	Title = {{AdS(2) / CFT(1) correspondence and near extremal black hole entropy}},
	Volume = {B579},
	Year = {2000},
	Bdsk-Url-1 = {https://doi.org/10.1016/S0550-3213(00)00165-6}}

@article{Horowitz:1999jd,
	Archiveprefix = {arXiv},
	Author = {Horowitz, Gary T. and Hubeny, Veronika E.},
	Date-Added = {2018-08-27 14:26:57 +0000},
	Date-Modified = {2018-08-27 14:26:57 +0000},
	Doi = {10.1103/PhysRevD.62.024027},
	Eprint = {hep-th/9909056},
	Journal = {Phys. Rev.},
	Pages = {024027},
	Primaryclass = {hep-th},
	Reportnumber = {NSF-ITP-99-70},
	Slaccitation = {%%CITATION = HEP-TH/9909056;%%},
	Title = {{Quasinormal modes of AdS black holes and the approach to thermal equilibrium}},
	Volume = {D62},
	Year = {2000},
	Bdsk-Url-1 = {https://doi.org/10.1103/PhysRevD.62.024027}}

@article{Jansen:2017oag,
	Archiveprefix = {arXiv},
	Author = {Jansen, Aron},
	Date-Added = {2018-08-26 19:37:17 +0000},
	Date-Modified = {2018-08-26 19:37:17 +0000},
	Doi = {10.1140/epjp/i2017-11825-9},
	Eprint = {1709.09178},
	Journal = {Eur. Phys. J. Plus},
	Number = {12},
	Pages = {546},
	Primaryclass = {gr-qc},
	Slaccitation = {%%CITATION = ARXIV:1709.09178;%%},
	Title = {{Overdamped modes in Schwarzschild-de Sitter and a Mathematica package for the numerical computation of quasinormal modes}},
	Volume = {132},
	Year = {2017},
	Bdsk-Url-1 = {https://doi.org/10.1140/epjp/i2017-11825-9}}

@article{Pedraza:2018eey,
	Archiveprefix = {arXiv},
	Author = {Pedraza, Juan F. and Sybesma, Watse and Visser, Manus R.},
	Date-Added = {2018-08-26 19:19:48 +0000},
	Date-Modified = {2018-08-26 19:19:48 +0000},
	Eprint = {1807.09770},
	Primaryclass = {hep-th},
	Slaccitation = {%%CITATION = ARXIV:1807.09770;%%},
	Title = {{Hyperscaling violating black holes with spherical and hyperbolic horizons}},
	Year = {2018}}

@article{Kolekar:2016pnr,
	Archiveprefix = {arXiv},
	Author = {Kolekar, Kedar S. and Mukherjee, Debangshu and Narayan, K.},
	Date-Added = {2018-08-26 19:02:51 +0000},
	Date-Modified = {2018-08-26 19:02:51 +0000},
	Doi = {10.1016/j.physletb.2016.06.046},
	Eprint = {1604.05092},
	Journal = {Phys. Lett.},
	Pages = {86-93},
	Primaryclass = {hep-th},
	Slaccitation = {%%CITATION = ARXIV:1604.05092;%%},
	Title = {{Hyperscaling violation and the shear diffusion constant}},
	Volume = {B760},
	Year = {2016},
	Bdsk-Url-1 = {https://doi.org/10.1016/j.physletb.2016.06.046}}

@article{Chesler:2008hg,
	Archiveprefix = {arXiv},
	Author = {Chesler, Paul M. and Yaffe, Laurence G.},
	Date-Added = {2018-08-26 18:56:43 +0000},
	Date-Modified = {2018-08-26 18:56:43 +0000},
	Doi = {10.1103/PhysRevLett.102.211601},
	Eprint = {0812.2053},
	Journal = {Phys. Rev. Lett.},
	Pages = {211601},
	Primaryclass = {hep-th},
	Slaccitation = {%%CITATION = ARXIV:0812.2053;%%},
	Title = {{Horizon formation and far-from-equilibrium isotropization in supersymmetric Yang-Mills plasma}},
	Volume = {102},
	Year = {2009},
	Bdsk-Url-1 = {https://doi.org/10.1103/PhysRevLett.102.211601}}

@article{Gursoy:2016tgf,
	Archiveprefix = {arXiv},
	Author = {G{\"u}rsoy, Umut and Jansen, Aron and Sybesma, Watse and Vandoren, Stefan},
	Date-Added = {2018-08-26 18:55:49 +0000},
	Date-Modified = {2018-08-26 18:55:49 +0000},
	Doi = {10.1103/PhysRevLett.117.051601},
	Eprint = {1602.01375},
	Journal = {Phys. Rev. Lett.},
	Number = {5},
	Pages = {051601},
	Primaryclass = {hep-th},
	Slaccitation = {%%CITATION = ARXIV:1602.01375;%%},
	Title = {{Holographic Equilibration of Nonrelativistic Plasmas}},
	Volume = {117},
	Year = {2016},
	Bdsk-Url-1 = {https://doi.org/10.1103/PhysRevLett.117.051601}}

@article{KastorRayTraschen2018,
	Author = {Kastor, David and Ray, Sourya and Traschen, Jennie},
	Date-Added = {2018-07-25 17:26:33 +0000},
	Date-Modified = {2018-07-25 17:37:47 +0000},
	Title = {{Black Hole Enthalpy and Scalar Fields}},
	Year = {2018}}

@article{Hartong:2016nyx,
	Archiveprefix = {arXiv},
	Author = {Hartong, Jelle and Obers, Niels A. and Sanchioni, Marco},
	Date-Added = {2018-07-25 17:04:19 +0000},
	Date-Modified = {2018-07-25 17:04:19 +0000},
	Doi = {10.1007/JHEP10(2016)120},
	Eprint = {1606.09543},
	Journal = {JHEP},
	Pages = {120},
	Primaryclass = {hep-th},
	Slaccitation = {%%CITATION = ARXIV:1606.09543;%%},
	Title = {{Lifshitz Hydrodynamics from Lifshitz Black Branes with Linear Momentum}},
	Volume = {10},
	Year = {2016},
	Bdsk-Url-1 = {https://doi.org/10.1007/JHEP10(2016)120}}

@article{Widom1965,
	Author = {Widom, B.},
	Date-Added = {2018-07-25 17:03:46 +0000},
	Date-Modified = {2018-07-25 17:03:46 +0000},
	Doi = {10.1063/1.1696617},
	Journal = {J. Chem. Phys.},
	Pages = {3892},
	Title = {{Surface tension and molecular correlations near the critical point}},
	Volume = {43},
	Year = {1965},
	Bdsk-Url-1 = {https://doi.org/10.1063/1.1696617}}

@article{wegner1973logarithmic,
	Author = {Wegner, Franz J and Riedel, Eberhard K},
	Date-Added = {2018-07-25 17:03:46 +0000},
	Date-Modified = {2018-07-25 17:03:46 +0000},
	Journal = {Physical Review B},
	Number = {1},
	Pages = {248},
	Publisher = {APS},
	Title = {Logarithmic corrections to the molecular-field behavior of critical and tricritical systems},
	Volume = {7},
	Year = {1973}}

@article{Wegner:1973aa,
	Author = {Franz J. Wegner"},
	Date-Added = {2018-07-25 17:03:46 +0000},
	Date-Modified = {2018-07-25 17:03:46 +0000},
	Doi = {10.1103/PhysRevB.7.248},
	Journal = {Physical Review B},
	Number = {1},
	Pages = {248--256},
	Title = {Logarithmic Corrections to the Molecular-Field Behavior of Critical and Tricritical Systems},
	Volume = {7},
	Year = {1973},
	Bdsk-Url-1 = {https://doi.org/10.1103/PhysRevB.7.248}}

@article{fisher1974renormalization,
	Author = {Fisher, Michael E},
	Date-Added = {2018-07-25 17:03:46 +0000},
	Date-Modified = {2018-07-25 17:03:46 +0000},
	Journal = {Reviews of Modern Physics},
	Number = {4},
	Pages = {597},
	Publisher = {APS},
	Title = {The renormalization group in the theory of critical behavior},
	Volume = {46},
	Year = {1974}}

@article{fisher1986scaling,
	Author = {Fisher, Daniel S},
	Date-Added = {2018-07-25 17:03:46 +0000},
	Date-Modified = {2018-07-25 17:03:46 +0000},
	Journal = {Physical review letters},
	Number = {5},
	Pages = {416},
	Publisher = {APS},
	Title = {Scaling and critical slowing down in random-field Ising systems},
	Volume = {56},
	Year = {1986}}

@book{Goldenfeld:1992qy,
	Author = {Goldenfeld, N.},
	Date-Added = {2018-07-25 17:03:46 +0000},
	Date-Modified = {2018-07-25 17:03:46 +0000},
	Journal = {Reading, USA: Addison-Wesley (1992) 394 p. (Frontiers in physics, 85)},
	Slaccitation = {%%CITATION = INSPIRE-345315;%%},
	Title = {{Lectures on phase transitions and the renormalization group}},
	Year = {1992}}

@article{Papadimitriou:2005ii,
	Archiveprefix = {arXiv},
	Author = {Papadimitriou, Ioannis and Skenderis, Kostas},
	Date-Added = {2018-07-25 17:03:46 +0000},
	Date-Modified = {2018-07-25 17:03:46 +0000},
	Doi = {10.1088/1126-6708/2005/08/004},
	Eprint = {hep-th/0505190},
	Journal = {JHEP},
	Pages = {004},
	Primaryclass = {hep-th},
	Reportnumber = {ITFA-2005-18},
	Slaccitation = {%%CITATION = HEP-TH/0505190;%%},
	Title = {{Thermodynamics of asymptotically locally AdS spacetimes}},
	Volume = {08},
	Year = {2005},
	Bdsk-Url-1 = {https://doi.org/10.1088/1126-6708/2005/08/004}}

@article{Swingle:2009bf,
	Archiveprefix = {arXiv},
	Author = {Swingle, Brian},
	Date-Added = {2018-07-25 17:03:46 +0000},
	Date-Modified = {2018-07-25 17:03:46 +0000},
	Doi = {10.1103/PhysRevLett.105.050502},
	Eprint = {0908.1724},
	Journal = {Phys. Rev. Lett.},
	Pages = {050502},
	Primaryclass = {cond-mat.str-el},
	Slaccitation = {%%CITATION = ARXIV:0908.1724;%%},
	Title = {{Entanglement Entropy and the Fermi Surface}},
	Volume = {105},
	Year = {2010},
	Bdsk-Url-1 = {https://doi.org/10.1103/PhysRevLett.105.050502}}

@article{Edalati:2012tc,
	Archiveprefix = {arXiv},
	Author = {Edalati, Mohammad and Pedraza, Juan F. and Tangarife Garcia, Walter},
	Date-Added = {2018-07-25 17:03:46 +0000},
	Date-Modified = {2018-07-25 17:03:46 +0000},
	Doi = {10.1103/PhysRevD.87.046001},
	Eprint = {1210.6993},
	Journal = {Phys. Rev.},
	Number = {4},
	Pages = {046001},
	Primaryclass = {hep-th},
	Reportnumber = {UTTG-19-12, TCC-018-12},
	Slaccitation = {%%CITATION = ARXIV:1210.6993;%%},
	Title = {{Quantum Fluctuations in Holographic Theories with Hyperscaling Violation}},
	Volume = {D87},
	Year = {2013},
	Bdsk-Url-1 = {https://doi.org/10.1103/PhysRevD.87.046001}}

@article{Edalati:2013tma,
	Archiveprefix = {arXiv},
	Author = {Edalati, Mohammad and Pedraza, Juan F.},
	Date-Added = {2018-07-25 17:03:46 +0000},
	Date-Modified = {2018-07-25 17:03:46 +0000},
	Doi = {10.1103/PhysRevD.88.086004},
	Eprint = {1307.0808},
	Journal = {Phys. Rev.},
	Pages = {086004},
	Primaryclass = {hep-th},
	Reportnumber = {UTTG-17-13, TCC-014-13},
	Slaccitation = {%%CITATION = ARXIV:1307.0808;%%},
	Title = {{Aspects of Current Correlators in Holographic Theories with Hyperscaling Violation}},
	Volume = {D88},
	Year = {2013},
	Bdsk-Url-1 = {https://doi.org/10.1103/PhysRevD.88.086004}}

@article{Alishahiha:2012cm,
	Archiveprefix = {arXiv},
	Author = {Alishahiha, Mohsen and Yavartanoo, Hossein},
	Date-Added = {2018-07-25 17:03:46 +0000},
	Date-Modified = {2018-07-25 17:03:46 +0000},
	Doi = {10.1007/JHEP11(2012)034},
	Eprint = {1208.6197},
	Journal = {JHEP},
	Pages = {034},
	Primaryclass = {hep-th},
	Reportnumber = {IPM-P-2012-050},
	Slaccitation = {%%CITATION = ARXIV:1208.6197;%%},
	Title = {{On Holography with Hyperscaling Violation}},
	Volume = {11},
	Year = {2012},
	Bdsk-Url-1 = {https://doi.org/10.1007/JHEP11(2012)034}}

@article{Bueno:2014oua,
	Archiveprefix = {arXiv},
	Author = {Bueno, Pablo and Ramirez, Pedro F.},
	Date-Added = {2018-07-25 17:03:46 +0000},
	Date-Modified = {2018-07-25 17:03:46 +0000},
	Doi = {10.1007/JHEP12(2014)078},
	Eprint = {1408.6380},
	Journal = {JHEP},
	Pages = {078},
	Primaryclass = {hep-th},
	Slaccitation = {%%CITATION = ARXIV:1408.6380;%%},
	Title = {{Higher-curvature corrections to holographic entanglement entropy in geometries with hyperscaling violation}},
	Volume = {12},
	Year = {2014},
	Bdsk-Url-1 = {https://doi.org/10.1007/JHEP12(2014)078}}

@article{Fischler:2012ca,
	Archiveprefix = {arXiv},
	Author = {Fischler, Willy and Kundu, Sandipan},
	Date-Added = {2018-07-25 17:03:46 +0000},
	Date-Modified = {2018-07-25 17:03:46 +0000},
	Doi = {10.1007/JHEP05(2013)098},
	Eprint = {1212.2643},
	Journal = {JHEP},
	Pages = {098},
	Primaryclass = {hep-th},
	Slaccitation = {%%CITATION = ARXIV:1212.2643;%%},
	Title = {{Strongly Coupled Gauge Theories: High and Low Temperature Behavior of Non-local Observables}},
	Volume = {05},
	Year = {2013},
	Bdsk-Url-1 = {https://doi.org/10.1007/JHEP05(2013)098}}

@article{Kundu:2016dyk,
	Archiveprefix = {arXiv},
	Author = {Kundu, Sandipan and Pedraza, Juan F.},
	Date-Added = {2018-07-25 17:03:46 +0000},
	Date-Modified = {2018-07-25 17:03:46 +0000},
	Doi = {10.1007/JHEP08(2016)177},
	Eprint = {1602.07353},
	Journal = {JHEP},
	Pages = {177},
	Primaryclass = {hep-th},
	Slaccitation = {%%CITATION = ARXIV:1602.07353;%%},
	Title = {{Aspects of Holographic Entanglement at Finite Temperature and Chemical Potential}},
	Volume = {08},
	Year = {2016},
	Bdsk-Url-1 = {https://doi.org/10.1007/JHEP08(2016)177}}

@article{Roychowdhury:2016fgf,
	Archiveprefix = {arXiv},
	Author = {Roychowdhury, Dibakar},
	Date-Added = {2018-07-25 17:03:46 +0000},
	Date-Modified = {2018-07-25 17:03:46 +0000},
	Doi = {10.1016/j.nuclphysb.2016.05.019},
	Eprint = {1603.02159},
	Journal = {Nucl. Phys.},
	Pages = {336-344},
	Primaryclass = {hep-th},
	Slaccitation = {%%CITATION = ARXIV:1603.02159;%%},
	Title = {{Entanglement rules for holographic Fermi surfaces}},
	Volume = {B909},
	Year = {2016},
	Bdsk-Url-1 = {https://doi.org/10.1016/j.nuclphysb.2016.05.019}}

@article{Perlmutter:2012he,
	Archiveprefix = {arXiv},
	Author = {Perlmutter, Eric},
	Date-Added = {2018-07-25 17:03:46 +0000},
	Date-Modified = {2018-07-25 17:03:46 +0000},
	Doi = {10.1007/JHEP06(2012)165},
	Eprint = {1205.0242},
	Journal = {JHEP},
	Pages = {165},
	Primaryclass = {hep-th},
	Slaccitation = {%%CITATION = ARXIV:1205.0242;%%},
	Title = {{Hyperscaling violation from supergravity}},
	Volume = {06},
	Year = {2012},
	Bdsk-Url-1 = {https://doi.org/10.1007/JHEP06(2012)165}}

@article{Giataganas:2017koz,
	Archiveprefix = {arXiv},
	Author = {Giataganas, Dimitrios and G{\"u}rsoy, Umut and Pedraza, Juan F.},
	Date-Added = {2018-07-25 17:03:46 +0000},
	Date-Modified = {2018-07-25 17:03:46 +0000},
	Eprint = {1708.05691},
	Primaryclass = {hep-th},
	Reportnumber = {NCTS-TH-1712},
	Slaccitation = {%%CITATION = ARXIV:1708.05691;%%},
	Title = {{Strongly-coupled anisotropic gauge theories and holography}},
	Year = {2017}}

@article{Mukherjee:2017ynv,
	Archiveprefix = {arXiv},
	Author = {Mukherjee, Debangshu and Narayan, K.},
	Date-Added = {2018-07-25 17:03:46 +0000},
	Date-Modified = {2018-07-25 17:03:46 +0000},
	Doi = {10.1007/JHEP12(2017)023},
	Eprint = {1707.07490},
	Journal = {JHEP},
	Pages = {023},
	Primaryclass = {hep-th},
	Slaccitation = {%%CITATION = ARXIV:1707.07490;%%},
	Title = {{Hyperscaling violation, quasinormal modes and shear diffusion}},
	Volume = {12},
	Year = {2017},
	Bdsk-Url-1 = {https://doi.org/10.1007/JHEP12(2017)023}}

@article{Horava:2009uw,
	Archiveprefix = {arXiv},
	Author = {Horava, Petr},
	Date-Added = {2018-07-25 17:03:46 +0000},
	Date-Modified = {2018-07-25 17:03:46 +0000},
	Doi = {10.1103/PhysRevD.79.084008},
	Eprint = {0901.3775},
	Journal = {Phys. Rev.},
	Pages = {084008},
	Primaryclass = {hep-th},
	Slaccitation = {%%CITATION = ARXIV:0901.3775;%%},
	Title = {{Quantum Gravity at a Lifshitz Point}},
	Volume = {D79},
	Year = {2009},
	Bdsk-Url-1 = {https://doi.org/10.1103/PhysRevD.79.084008}}

@phdthesis{Andringa:2016sot,
	Author = {Andringa, Roel},
	Date-Added = {2018-07-25 17:03:46 +0000},
	Date-Modified = {2018-07-25 17:03:46 +0000},
	School = {Groningen U.},
	Slaccitation = {%%CITATION = INSPIRE-1650863;%%},
	Title = {{Newton-Cartan gravity revisited}},
	Url = {http://www.nikhef.nl/pub/services/biblio/theses_pdf/thesis_R_Andringa.pdf},
	Year = {2016},
	Bdsk-Url-1 = {http://www.nikhef.nl/pub/services/biblio/theses_pdf/thesis_R_Andringa.pdf}}

@article{Li:2016rcv,
	Archiveprefix = {arXiv},
	Author = {Li, Li},
	Date-Added = {2018-07-25 17:03:46 +0000},
	Date-Modified = {2018-07-25 17:03:46 +0000},
	Doi = {10.1016/j.physletb.2017.02.004},
	Eprint = {1608.03247},
	Journal = {Phys. Lett.},
	Pages = {278-284},
	Primaryclass = {hep-th},
	Reportnumber = {CCTP-2016-12, CCQCN-2016-160},
	Slaccitation = {%%CITATION = ARXIV:1608.03247;%%},
	Title = {{Hyperscaling Violating Solutions in Generalised EMD Theory}},
	Volume = {B767},
	Year = {2017},
	Bdsk-Url-1 = {https://doi.org/10.1016/j.physletb.2017.02.004}}

@article{Ge:2016lyn,
	Archiveprefix = {arXiv},
	Author = {Ge, Xian-Hui and Tian, Yu and Wu, Shang-Yu and Wu, Shao-Feng and Wu, Shao-Feng},
	Date-Added = {2018-07-25 17:03:46 +0000},
	Date-Modified = {2018-07-25 17:03:46 +0000},
	Doi = {10.1007/JHEP11(2016)128},
	Eprint = {1606.07905},
	Journal = {JHEP},
	Pages = {128},
	Primaryclass = {hep-th},
	Slaccitation = {%%CITATION = ARXIV:1606.07905;%%},
	Title = {{Linear and quadratic in temperature resistivity from holography}},
	Volume = {11},
	Year = {2016},
	Bdsk-Url-1 = {https://doi.org/10.1007/JHEP11(2016)128}}

@article{Bravo-Gaete:2017nkp,
	Archiveprefix = {arXiv},
	Author = {Bravo-Gaete, Moises and Hassaine, Mokhtar},
	Date-Added = {2018-07-25 17:03:46 +0000},
	Date-Modified = {2018-07-25 17:03:46 +0000},
	Doi = {10.1103/PhysRevD.97.024020},
	Eprint = {1710.02720},
	Journal = {Phys. Rev.},
	Number = {2},
	Pages = {024020},
	Primaryclass = {hep-th},
	Slaccitation = {%%CITATION = ARXIV:1710.02720;%%},
	Title = {{Thermodynamics of dyonic black holes with Thurston horizon geometries}},
	Volume = {D97},
	Year = {2018},
	Bdsk-Url-1 = {https://doi.org/10.1103/PhysRevD.97.024020}}

@article{Ganjali:2015cba,
	Archiveprefix = {arXiv},
	Author = {Ganjali, Mohammad A.},
	Date-Added = {2018-07-25 17:03:46 +0000},
	Date-Modified = {2018-07-25 17:03:46 +0000},
	Doi = {10.1103/PhysRevD.93.024002},
	Eprint = {1508.05614},
	Journal = {Phys. Rev.},
	Number = {2},
	Pages = {024002},
	Primaryclass = {hep-th},
	Slaccitation = {%%CITATION = ARXIV:1508.05614;%%},
	Title = {{Hyperscaling-violating Lifshitz Solutions in Cubic Gravity}},
	Volume = {D93},
	Year = {2016},
	Bdsk-Url-1 = {https://doi.org/10.1103/PhysRevD.93.024002}}

@article{Ghodrati:2014spa,
	Archiveprefix = {arXiv},
	Author = {Ghodrati, Mahdis},
	Date-Added = {2018-07-25 17:03:46 +0000},
	Date-Modified = {2018-07-25 17:03:46 +0000},
	Doi = {10.1103/PhysRevD.90.044055},
	Eprint = {1404.5399},
	Journal = {Phys. Rev.},
	Number = {4},
	Pages = {044055},
	Primaryclass = {hep-th},
	Slaccitation = {%%CITATION = ARXIV:1404.5399;%%},
	Title = {{Hyperscaling Violating Solution in Coupled Dilaton-Squared Curvature Gravity}},
	Volume = {D90},
	Year = {2014},
	Bdsk-Url-1 = {https://doi.org/10.1103/PhysRevD.90.044055}}

@article{Feng:2015yja,
	Archiveprefix = {arXiv},
	Author = {Feng, Xing-Hui and Geng, Wei-Jian},
	Date-Added = {2018-07-25 17:03:46 +0000},
	Date-Modified = {2018-07-25 17:03:46 +0000},
	Doi = {10.1016/j.physletb.2015.06.030},
	Eprint = {1502.00863},
	Journal = {Phys. Lett.},
	Pages = {395-399},
	Primaryclass = {hep-th},
	Slaccitation = {%%CITATION = ARXIV:1502.00863;%%},
	Title = {{Non-Abelian (Hyperscaling Violating) Lifshitz Black Holes in General Dimensions}},
	Volume = {B747},
	Year = {2015},
	Bdsk-Url-1 = {https://doi.org/10.1016/j.physletb.2015.06.030}}

@article{OKeeffe:2013xdv,
	Archiveprefix = {arXiv},
	Author = {O'Keeffe, Daniel K. and Peet, Amanda W.},
	Date-Added = {2018-07-25 17:03:46 +0000},
	Date-Modified = {2018-07-25 17:03:46 +0000},
	Doi = {10.1103/PhysRevD.90.026004},
	Eprint = {1312.2261},
	Journal = {Phys. Rev.},
	Number = {2},
	Pages = {026004},
	Primaryclass = {hep-th},
	Slaccitation = {%%CITATION = ARXIV:1312.2261;%%},
	Title = {{Electric hyperscaling violating solutions in Einstein-Maxwell-dilaton gravity with $R^2$ corrections}},
	Volume = {D90},
	Year = {2014},
	Bdsk-Url-1 = {https://doi.org/10.1103/PhysRevD.90.026004}}

@article{Bueno:2012vx,
	Archiveprefix = {arXiv},
	Author = {Bueno, Pablo and Chemissany, W. and Shahbazi, C. S.},
	Date-Added = {2018-07-25 17:03:46 +0000},
	Date-Modified = {2018-07-25 17:03:46 +0000},
	Doi = {10.1140/epjc/s10052-013-2684-3},
	Eprint = {1212.4826},
	Journal = {Eur. Phys. J.},
	Number = {1},
	Pages = {2684},
	Primaryclass = {hep-th},
	Reportnumber = {IFT-UAM-CSIC-12-121},
	Slaccitation = {%%CITATION = ARXIV:1212.4826;%%},
	Title = {{On $hvLif$-like solutions in gauged Supergravity}},
	Volume = {C74},
	Year = {2014},
	Bdsk-Url-1 = {https://doi.org/10.1140/epjc/s10052-013-2684-3}}

@article{Barbon:2015soa,
	Archiveprefix = {arXiv},
	Author = {Barbon, Jose L. F. and Martin-Garcia, Javier},
	Date-Added = {2018-07-25 17:03:46 +0000},
	Date-Modified = {2018-07-25 17:03:46 +0000},
	Doi = {10.1007/JHEP11(2015)181},
	Eprint = {1510.00349},
	Journal = {JHEP},
	Pages = {181},
	Primaryclass = {hep-th},
	Slaccitation = {%%CITATION = ARXIV:1510.00349;%%},
	Title = {{Holographic Complexity Of Cold Hyperbolic Black Holes}},
	Volume = {11},
	Year = {2015},
	Bdsk-Url-1 = {https://doi.org/10.1007/JHEP11(2015)181}}

@article{Arav:2012ud,
	Archiveprefix = {arXiv},
	Author = {Arav, Igal and Oz, Yaron},
	Date-Added = {2018-07-25 17:03:46 +0000},
	Date-Modified = {2018-07-25 17:03:46 +0000},
	Doi = {10.1007/JHEP11(2012)014},
	Eprint = {1206.5936},
	Journal = {JHEP},
	Pages = {014},
	Primaryclass = {hep-th},
	Slaccitation = {%%CITATION = ARXIV:1206.5936;%%},
	Title = {{The Sound of Topology in the AdS/CFT Correspondence}},
	Volume = {11},
	Year = {2012},
	Bdsk-Url-1 = {https://doi.org/10.1007/JHEP11(2012)014}}

@article{Neupane:2003vz,
	Archiveprefix = {arXiv},
	Author = {Neupane, Ishwaree P.},
	Date-Added = {2018-07-25 17:03:46 +0000},
	Date-Modified = {2018-07-25 17:03:46 +0000},
	Doi = {10.1103/PhysRevD.69.084011},
	Eprint = {hep-th/0302132},
	Journal = {Phys. Rev.},
	Pages = {084011},
	Primaryclass = {hep-th},
	Slaccitation = {%%CITATION = HEP-TH/0302132;%%},
	Title = {{Thermodynamic and gravitational instability on hyperbolic spaces}},
	Volume = {D69},
	Year = {2004},
	Bdsk-Url-1 = {https://doi.org/10.1103/PhysRevD.69.084011}}

@article{Cai:2004pz,
	Archiveprefix = {arXiv},
	Author = {Cai, Rong-Gen and Wang, Anzhong},
	Date-Added = {2018-07-25 17:03:46 +0000},
	Date-Modified = {2018-07-25 17:03:46 +0000},
	Doi = {10.1103/PhysRevD.70.064013},
	Eprint = {hep-th/0406057},
	Journal = {Phys. Rev.},
	Pages = {064013},
	Primaryclass = {hep-th},
	Slaccitation = {%%CITATION = HEP-TH/0406057;%%},
	Title = {{Thermodynamics and stability of hyperbolic charged black holes}},
	Volume = {D70},
	Year = {2004},
	Bdsk-Url-1 = {https://doi.org/10.1103/PhysRevD.70.064013}}

@article{Puletti:2017gym,
	Archiveprefix = {arXiv},
	Author = {Puletti, V. Giangreco M. and Pourhasan, R.},
	Date-Added = {2018-07-25 17:03:46 +0000},
	Date-Modified = {2018-07-25 17:03:46 +0000},
	Doi = {10.1007/JHEP08(2017)002},
	Eprint = {1704.08731},
	Journal = {JHEP},
	Pages = {002},
	Primaryclass = {hep-th},
	Slaccitation = {%%CITATION = ARXIV:1704.08731;%%},
	Title = {{Non-analyticity of holographic R\'enyi entropy in Lovelock gravity}},
	Volume = {08},
	Year = {2017},
	Bdsk-Url-1 = {https://doi.org/10.1007/JHEP08(2017)002}}

@article{Jensen:2013lxa,
	Archiveprefix = {arXiv},
	Author = {Jensen, Kristan and O'Bannon, Andy},
	Date-Added = {2018-07-25 17:03:46 +0000},
	Date-Modified = {2018-07-25 17:03:46 +0000},
	Doi = {10.1103/PhysRevD.88.106006},
	Eprint = {1309.4523},
	Journal = {Phys. Rev.},
	Number = {10},
	Pages = {106006},
	Primaryclass = {hep-th},
	Reportnumber = {YITP-SB-13-27, DAMTP-2013-54},
	Slaccitation = {%%CITATION = ARXIV:1309.4523;%%},
	Title = {{Holography, Entanglement Entropy, and Conformal Field Theories with Boundaries or Defects}},
	Volume = {D88},
	Year = {2013},
	Bdsk-Url-1 = {https://doi.org/10.1103/PhysRevD.88.106006}}

@article{Emparan:1998he,
	Archiveprefix = {arXiv},
	Author = {Emparan, Roberto},
	Date-Added = {2018-07-25 17:03:46 +0000},
	Date-Modified = {2018-07-25 17:03:46 +0000},
	Doi = {10.1016/S0370-2693(98)00625-X},
	Eprint = {hep-th/9804031},
	Journal = {Phys. Lett.},
	Pages = {74-82},
	Primaryclass = {hep-th},
	Reportnumber = {DTP-98-19},
	Slaccitation = {%%CITATION = HEP-TH/9804031;%%},
	Title = {{AdS membranes wrapped on surfaces of arbitrary genus}},
	Volume = {B432},
	Year = {1998},
	Bdsk-Url-1 = {https://doi.org/10.1016/S0370-2693(98)00625-X}}

@article{Altamirano:2014tva,
	Archiveprefix = {arXiv},
	Author = {Altamirano, Natacha and Kubiznak, David and Mann, Robert B. and Sherkatghanad, Zeinab},
	Date-Added = {2018-07-25 17:03:46 +0000},
	Date-Modified = {2018-07-25 17:03:46 +0000},
	Doi = {10.3390/galaxies2010089},
	Eprint = {1401.2586},
	Journal = {Galaxies},
	Pages = {89-159},
	Primaryclass = {hep-th},
	Slaccitation = {%%CITATION = ARXIV:1401.2586;%%},
	Title = {{Thermodynamics of rotating black holes and black rings: phase transitions and thermodynamic volume}},
	Volume = {2},
	Year = {2014},
	Bdsk-Url-1 = {https://doi.org/10.3390/galaxies2010089}}

@article{Pang:2009wa,
	Archiveprefix = {arXiv},
	Author = {Pang, Da-Wei},
	Date-Added = {2018-07-25 17:03:46 +0000},
	Date-Modified = {2018-07-25 17:03:46 +0000},
	Doi = {10.1007/JHEP01(2010)120},
	Eprint = {0912.2403},
	Journal = {JHEP},
	Pages = {120},
	Primaryclass = {hep-th},
	Reportnumber = {CQUEST-2009-0310},
	Slaccitation = {%%CITATION = ARXIV:0912.2403;%%},
	Title = {{Conductivity and Diffusion Constant in Lifshitz Backgrounds}},
	Volume = {01},
	Year = {2010},
	Bdsk-Url-1 = {https://doi.org/10.1007/JHEP01(2010)120}}

@article{Dayyani:2018mmm,
	Archiveprefix = {arXiv},
	Author = {Dayyani, Zeinab and Sheykhi, Ahmad},
	Date-Added = {2018-07-25 17:03:46 +0000},
	Date-Modified = {2018-07-25 17:03:46 +0000},
	Eprint = {1805.00368},
	Primaryclass = {hep-th},
	Slaccitation = {%%CITATION = ARXIV:1805.00368;%%},
	Title = {{Alternative phase space and critical behaviour of Lifshitz dilaton black holes}},
	Year = {2018}}

@article{Blau:2009gd,
	Archiveprefix = {arXiv},
	Author = {Blau, Matthias and Hartong, Jelle and Rollier, Blaise},
	Date-Added = {2018-07-25 17:03:46 +0000},
	Date-Modified = {2018-07-25 17:03:46 +0000},
	Doi = {10.1088/1126-6708/2009/07/027},
	Eprint = {0904.3304},
	Journal = {JHEP},
	Pages = {027},
	Primaryclass = {hep-th},
	Slaccitation = {%%CITATION = ARXIV:0904.3304;%%},
	Title = {{Geometry of Schrodinger Space-Times, Global Coordinates, and Harmonic Trapping}},
	Volume = {07},
	Year = {2009},
	Bdsk-Url-1 = {https://doi.org/10.1088/1126-6708/2009/07/027}}

@article{Kanitscheider:2009as,
	Archiveprefix = {arXiv},
	Author = {Kanitscheider, Ingmar and Skenderis, Kostas},
	Date-Added = {2018-07-25 17:03:46 +0000},
	Date-Modified = {2018-07-25 17:03:46 +0000},
	Doi = {10.1088/1126-6708/2009/04/062},
	Eprint = {0901.1487},
	Journal = {JHEP},
	Pages = {062},
	Primaryclass = {hep-th},
	Reportnumber = {ITFA-2009-01, NSF-KITP-2009-02},
	Slaccitation = {%%CITATION = ARXIV:0901.1487;%%},
	Title = {{Universal hydrodynamics of non-conformal branes}},
	Volume = {04},
	Year = {2009},
	Bdsk-Url-1 = {https://doi.org/10.1088/1126-6708/2009/04/062}}

@article{Dehghani:2011tx,
	Archiveprefix = {arXiv},
	Author = {Dehghani, M. H. and Mann, R. B. and Pourhasan, R.},
	Date-Added = {2018-07-25 17:03:46 +0000},
	Date-Modified = {2018-07-25 17:03:46 +0000},
	Doi = {10.1103/PhysRevD.84.046002},
	Eprint = {1102.0578},
	Journal = {Phys. Rev.},
	Pages = {046002},
	Primaryclass = {hep-th},
	Slaccitation = {%%CITATION = ARXIV:1102.0578;%%},
	Title = {{Charged Lifshitz Black Holes}},
	Volume = {D84},
	Year = {2011},
	Bdsk-Url-1 = {https://doi.org/10.1103/PhysRevD.84.046002}}

@article{Karch:2015rpa,
	Archiveprefix = {arXiv},
	Author = {Karch, Andreas and Robinson, Brandon},
	Date-Added = {2018-07-25 17:03:46 +0000},
	Date-Modified = {2018-07-25 17:03:46 +0000},
	Doi = {10.1007/JHEP12(2015)073},
	Eprint = {1510.02472},
	Journal = {JHEP},
	Pages = {073},
	Primaryclass = {hep-th},
	Slaccitation = {%%CITATION = ARXIV:1510.02472;%%},
	Title = {{Holographic Black Hole Chemistry}},
	Volume = {12},
	Year = {2015},
	Bdsk-Url-1 = {https://doi.org/10.1007/JHEP12(2015)073}}

@article{Caceres:2015vsa,
	Archiveprefix = {arXiv},
	Author = {Caceres, Elena and Nguyen, Phuc H. and Pedraza, Juan F.},
	Date-Added = {2018-07-25 17:03:46 +0000},
	Date-Modified = {2018-07-25 17:03:46 +0000},
	Doi = {10.1007/JHEP09(2015)184},
	Eprint = {1507.06069},
	Journal = {JHEP},
	Pages = {184},
	Primaryclass = {hep-th},
	Reportnumber = {UTTG-14-15, TCC-005-15},
	Slaccitation = {%%CITATION = ARXIV:1507.06069;%%},
	Title = {{Holographic entanglement entropy and the extended phase structure of STU black holes}},
	Volume = {09},
	Year = {2015},
	Bdsk-Url-1 = {https://doi.org/10.1007/JHEP09(2015)184}}

@article{Delsate:2014zma,
	Archiveprefix = {arXiv},
	Author = {Delsate, T{\'e}rence and Mann, Robert},
	Date-Added = {2018-07-25 17:03:46 +0000},
	Date-Modified = {2018-07-25 17:03:46 +0000},
	Doi = {10.1007/JHEP02(2015)070},
	Eprint = {1411.7850},
	Journal = {JHEP},
	Pages = {070},
	Primaryclass = {gr-qc},
	Slaccitation = {%%CITATION = ARXIV:1411.7850;%%},
	Title = {{Van Der Waals Black Holes in $d$ dimensions}},
	Volume = {02},
	Year = {2015},
	Bdsk-Url-1 = {https://doi.org/10.1007/JHEP02(2015)070}}

@article{Rajagopal:2014ewa,
	Archiveprefix = {arXiv},
	Author = {Rajagopal, Aruna and Kubiz{\v n}{\'a}k, David and Mann, Robert B.},
	Date-Added = {2018-07-25 17:03:46 +0000},
	Date-Modified = {2018-07-25 17:03:46 +0000},
	Doi = {10.1016/j.physletb.2014.08.054},
	Eprint = {1408.1105},
	Journal = {Phys. Lett.},
	Pages = {277-279},
	Primaryclass = {gr-qc},
	Slaccitation = {%%CITATION = ARXIV:1408.1105;%%},
	Title = {{Van der Waals black hole}},
	Volume = {B737},
	Year = {2014},
	Bdsk-Url-1 = {https://doi.org/10.1016/j.physletb.2014.08.054}}

@article{Dolan:2014jva,
	Archiveprefix = {arXiv},
	Author = {Dolan, Brian P.},
	Date-Added = {2018-07-25 17:03:46 +0000},
	Date-Modified = {2018-07-25 17:03:46 +0000},
	Doi = {10.1142/S0217732315400027},
	Eprint = {1408.4023},
	Journal = {Mod. Phys. Lett.},
	Number = {03n04},
	Pages = {1540002},
	Primaryclass = {gr-qc},
	Slaccitation = {%%CITATION = ARXIV:1408.4023;%%},
	Title = {{Black holes and Boyle's law --- The thermodynamics of the cosmological constant}},
	Volume = {A30},
	Year = {2015},
	Bdsk-Url-1 = {https://doi.org/10.1142/S0217732315400027}}

@article{Dolan:2014cja,
	Archiveprefix = {arXiv},
	Author = {Dolan, Brian P.},
	Date-Added = {2018-07-25 17:03:46 +0000},
	Date-Modified = {2018-07-25 17:03:46 +0000},
	Doi = {10.1007/JHEP10(2014)179},
	Eprint = {1406.7267},
	Journal = {JHEP},
	Pages = {179},
	Primaryclass = {hep-th},
	Slaccitation = {%%CITATION = ARXIV:1406.7267;%%},
	Title = {{Bose condensation and branes}},
	Volume = {10},
	Year = {2014},
	Bdsk-Url-1 = {https://doi.org/10.1007/JHEP10(2014)179}}

@article{Johnson:2014yja,
	Archiveprefix = {arXiv},
	Author = {Johnson, Clifford V.},
	Date-Added = {2018-07-25 17:03:46 +0000},
	Date-Modified = {2018-07-25 17:03:46 +0000},
	Doi = {10.1088/0264-9381/31/20/205002},
	Eprint = {1404.5982},
	Journal = {Class. Quant. Grav.},
	Pages = {205002},
	Primaryclass = {hep-th},
	Slaccitation = {%%CITATION = ARXIV:1404.5982;%%},
	Title = {{Holographic Heat Engines}},
	Volume = {31},
	Year = {2014},
	Bdsk-Url-1 = {https://doi.org/10.1088/0264-9381/31/20/205002}}

@article{Kubiznak:2014zwa,
	Archiveprefix = {arXiv},
	Author = {Kubiznak, David and Mann, Robert B.},
	Booktitle = {{Proceedings, Satellite Conference on Theory Canada 9: Waterloo, Canada, June 12-15, 2014}},
	Date-Added = {2018-07-25 17:03:46 +0000},
	Date-Modified = {2018-07-25 17:03:46 +0000},
	Doi = {10.1139/cjp-2014-0465},
	Eprint = {1404.2126},
	Journal = {Can. J. Phys.},
	Number = {9},
	Pages = {999-1002},
	Primaryclass = {gr-qc},
	Slaccitation = {%%CITATION = ARXIV:1404.2126;%%},
	Title = {{Black hole chemistry}},
	Volume = {93},
	Year = {2015},
	Bdsk-Url-1 = {https://doi.org/10.1139/cjp-2014-0465}}

@article{Dolan:2011xt,
	Archiveprefix = {arXiv},
	Author = {Dolan, Brian P.},
	Date-Added = {2018-07-25 17:03:46 +0000},
	Date-Modified = {2018-07-25 17:03:46 +0000},
	Doi = {10.1088/0264-9381/28/23/235017},
	Eprint = {1106.6260},
	Journal = {Class. Quant. Grav.},
	Pages = {235017},
	Primaryclass = {gr-qc},
	Slaccitation = {%%CITATION = ARXIV:1106.6260;%%},
	Title = {{Pressure and volume in the first law of black hole thermodynamics}},
	Volume = {28},
	Year = {2011},
	Bdsk-Url-1 = {https://doi.org/10.1088/0264-9381/28/23/235017}}

@article{Dolan:2010ha,
	Archiveprefix = {arXiv},
	Author = {Dolan, Brian P.},
	Date-Added = {2018-07-25 17:03:46 +0000},
	Date-Modified = {2018-07-25 17:03:46 +0000},
	Doi = {10.1088/0264-9381/28/12/125020},
	Eprint = {1008.5023},
	Journal = {Class. Quant. Grav.},
	Pages = {125020},
	Primaryclass = {gr-qc},
	Reportnumber = {DIAS-STP-10-10},
	Slaccitation = {%%CITATION = ARXIV:1008.5023;%%},
	Title = {{The cosmological constant and the black hole equation of state}},
	Volume = {28},
	Year = {2011},
	Bdsk-Url-1 = {https://doi.org/10.1088/0264-9381/28/12/125020}}

@article{Kastor:2009wy,
	Archiveprefix = {arXiv},
	Author = {Kastor, David and Ray, Sourya and Traschen, Jennie},
	Date-Added = {2018-07-25 17:03:46 +0000},
	Date-Modified = {2018-07-25 17:03:46 +0000},
	Doi = {10.1088/0264-9381/26/19/195011},
	Eprint = {0904.2765},
	Journal = {Class. Quant. Grav.},
	Pages = {195011},
	Primaryclass = {hep-th},
	Slaccitation = {%%CITATION = ARXIV:0904.2765;%%},
	Title = {{Enthalpy and the Mechanics of AdS Black Holes}},
	Volume = {26},
	Year = {2009},
	Bdsk-Url-1 = {https://doi.org/10.1088/0264-9381/26/19/195011}}

@article{Cvetic:1999ne,
	Archiveprefix = {arXiv},
	Author = {Cvetic, Mirjam and Gubser, Steven S.},
	Date-Added = {2018-07-25 17:03:46 +0000},
	Date-Modified = {2018-07-25 17:03:46 +0000},
	Doi = {10.1088/1126-6708/1999/04/024},
	Eprint = {hep-th/9902195},
	Journal = {JHEP},
	Pages = {024},
	Primaryclass = {hep-th},
	Reportnumber = {HUTP-99-A009, UPR-0832-T},
	Slaccitation = {%%CITATION = HEP-TH/9902195;%%},
	Title = {{Phases of R charged black holes, spinning branes and strongly coupled gauge theories}},
	Volume = {04},
	Year = {1999},
	Bdsk-Url-1 = {https://doi.org/10.1088/1126-6708/1999/04/024}}

@article{Armas:2015qsv,
	Archiveprefix = {arXiv},
	Author = {Armas, Jay and Obers, Niels A. and Sanchioni, Marco},
	Date-Added = {2018-07-25 17:03:46 +0000},
	Date-Modified = {2018-07-25 17:03:46 +0000},
	Doi = {10.1007/JHEP09(2016)124},
	Eprint = {1512.09106},
	Journal = {JHEP},
	Pages = {124},
	Primaryclass = {hep-th},
	Slaccitation = {%%CITATION = ARXIV:1512.09106;%%},
	Title = {{Gravitational Tension, Spacetime Pressure and Black Hole Volume}},
	Volume = {09},
	Year = {2016},
	Bdsk-Url-1 = {https://doi.org/10.1007/JHEP09(2016)124}}

@article{Johnson:2014xza,
	Archiveprefix = {arXiv},
	Author = {Johnson, Clifford V.},
	Date-Added = {2018-07-25 17:03:46 +0000},
	Date-Modified = {2018-07-25 17:03:46 +0000},
	Doi = {10.1088/0264-9381/31/23/235003},
	Eprint = {1405.5941},
	Journal = {Class. Quant. Grav.},
	Number = {23},
	Pages = {235003},
	Primaryclass = {hep-th},
	Slaccitation = {%%CITATION = ARXIV:1405.5941;%%},
	Title = {{Thermodynamic Volumes for AdS-Taub-NUT and AdS-Taub-Bolt}},
	Volume = {31},
	Year = {2014},
	Bdsk-Url-1 = {https://doi.org/10.1088/0264-9381/31/23/235003}}

@article{Johnson:2014pwa,
	Archiveprefix = {arXiv},
	Author = {Johnson, Clifford V.},
	Date-Added = {2018-07-25 17:03:46 +0000},
	Date-Modified = {2018-07-25 17:03:46 +0000},
	Doi = {10.1088/0264-9381/31/22/225005},
	Eprint = {1406.4533},
	Journal = {Class. Quant. Grav.},
	Pages = {225005},
	Primaryclass = {hep-th},
	Slaccitation = {%%CITATION = ARXIV:1406.4533;%%},
	Title = {{The Extended Thermodynamic Phase Structure of Taub-NUT and Taub-Bolt}},
	Volume = {31},
	Year = {2014},
	Bdsk-Url-1 = {https://doi.org/10.1088/0264-9381/31/22/225005}}

@article{Lee:2014tma,
	Archiveprefix = {arXiv},
	Author = {Lee, Chong Oh},
	Date-Added = {2018-07-25 17:03:46 +0000},
	Date-Modified = {2018-07-25 17:03:46 +0000},
	Doi = {10.1016/j.physletb.2014.09.046},
	Eprint = {1408.2073},
	Journal = {Phys. Lett.},
	Pages = {294-300},
	Primaryclass = {hep-th},
	Slaccitation = {%%CITATION = ARXIV:1408.2073;%%},
	Title = {{The extended thermodynamic properties of Taub--NUT/Bolt--AdS spaces}},
	Volume = {B738},
	Year = {2014},
	Bdsk-Url-1 = {https://doi.org/10.1016/j.physletb.2014.09.046}}

@article{Cvetic:2010jb,
	Archiveprefix = {arXiv},
	Author = {Cvetic, M. and Gibbons, G. W. and Kubiznak, D. and Pope, C. N.},
	Date-Added = {2018-07-25 17:03:46 +0000},
	Date-Modified = {2018-07-25 17:03:46 +0000},
	Doi = {10.1103/PhysRevD.84.024037},
	Eprint = {1012.2888},
	Journal = {Phys. Rev.},
	Pages = {024037},
	Primaryclass = {hep-th},
	Reportnumber = {DAMTP-2010-125, MIFPA-10-56},
	Slaccitation = {%%CITATION = ARXIV:1012.2888;%%},
	Title = {{Black Hole Enthalpy and an Entropy Inequality for the Thermodynamic Volume}},
	Volume = {D84},
	Year = {2011},
	Bdsk-Url-1 = {https://doi.org/10.1103/PhysRevD.84.024037}}

@article{Caceres:2016xjz,
	Archiveprefix = {arXiv},
	Author = {Caceres, Elena and Nguyen, Phuc H. and Pedraza, Juan F.},
	Date-Added = {2018-07-25 17:03:46 +0000},
	Date-Modified = {2018-07-25 17:03:46 +0000},
	Doi = {10.1103/PhysRevD.95.106015},
	Eprint = {1605.00595},
	Journal = {Phys. Rev.},
	Number = {10},
	Pages = {106015},
	Primaryclass = {hep-th},
	Reportnumber = {UTTG-05-16},
	Slaccitation = {%%CITATION = ARXIV:1605.00595;%%},
	Title = {{Holographic entanglement chemistry}},
	Volume = {D95},
	Year = {2017},
	Bdsk-Url-1 = {https://doi.org/10.1103/PhysRevD.95.106015}}

@article{Couch:2016exn,
	Archiveprefix = {arXiv},
	Author = {Couch, Josiah and Fischler, Willy and Nguyen, Phuc H.},
	Date-Added = {2018-07-25 17:03:46 +0000},
	Date-Modified = {2018-07-25 17:03:46 +0000},
	Doi = {10.1007/JHEP03(2017)119},
	Eprint = {1610.02038},
	Journal = {JHEP},
	Pages = {119},
	Primaryclass = {hep-th},
	Reportnumber = {UTTG-16-16},
	Slaccitation = {%%CITATION = ARXIV:1610.02038;%%},
	Title = {{Noether charge, black hole volume, and complexity}},
	Volume = {03},
	Year = {2017},
	Bdsk-Url-1 = {https://doi.org/10.1007/JHEP03(2017)119}}

@article{Iyer:1994ys,
	Archiveprefix = {arXiv},
	Author = {Iyer, Vivek and Wald, Robert M.},
	Date-Added = {2018-07-25 17:03:46 +0000},
	Date-Modified = {2018-07-25 17:03:46 +0000},
	Doi = {10.1103/PhysRevD.50.846},
	Eprint = {gr-qc/9403028},
	Journal = {Phys. Rev.},
	Pages = {846-864},
	Primaryclass = {gr-qc},
	Slaccitation = {%%CITATION = GR-QC/9403028;%%},
	Title = {{Some properties of Noether charge and a proposal for dynamical black hole entropy}},
	Volume = {D50},
	Year = {1994},
	Bdsk-Url-1 = {https://doi.org/10.1103/PhysRevD.50.846}}

@article{Gibbons:1976ue,
	Author = {Gibbons, G. W. and Hawking, S. W.},
	Date-Added = {2018-07-25 17:03:46 +0000},
	Date-Modified = {2018-07-25 17:03:46 +0000},
	Doi = {10.1103/PhysRevD.15.2752},
	Journal = {Phys. Rev.},
	Pages = {2752-2756},
	Reportnumber = {PRINT-76-0995 (CAMBRIDGE)},
	Slaccitation = {%%CITATION = PHRVA,D15,2752;%%},
	Title = {{Action Integrals and Partition Functions in Quantum Gravity}},
	Volume = {D15},
	Year = {1977},
	Bdsk-Url-1 = {https://doi.org/10.1103/PhysRevD.15.2752}}

@article{Pang:2009ad,
	Archiveprefix = {arXiv},
	Author = {Pang, Da-Wei},
	Date-Added = {2018-07-25 17:03:46 +0000},
	Date-Modified = {2018-07-25 17:03:46 +0000},
	Doi = {10.1088/0253-6102/62/2/14},
	Eprint = {0905.2678},
	Journal = {Commun. Theor. Phys.},
	Pages = {265-271},
	Primaryclass = {hep-th},
	Reportnumber = {CQUEST-2009-0265},
	Slaccitation = {%%CITATION = ARXIV:0905.2678;%%},
	Title = {{A Note on Black Holes in Asymptotically Lifshitz Spacetime}},
	Volume = {62},
	Year = {2014},
	Bdsk-Url-1 = {https://doi.org/10.1088/0253-6102/62/2/14}}

@article{Horowitz:2011gh,
	Archiveprefix = {arXiv},
	Author = {Horowitz, Gary T. and Way, Benson},
	Date-Added = {2018-07-25 17:03:46 +0000},
	Date-Modified = {2018-07-25 17:03:46 +0000},
	Doi = {10.1103/PhysRevD.85.046008},
	Eprint = {1111.1243},
	Journal = {Phys. Rev.},
	Pages = {046008},
	Primaryclass = {hep-th},
	Slaccitation = {%%CITATION = ARXIV:1111.1243;%%},
	Title = {{Lifshitz Singularities}},
	Volume = {D85},
	Year = {2012},
	Bdsk-Url-1 = {https://doi.org/10.1103/PhysRevD.85.046008}}

@article{Copsey:2010ya,
	Archiveprefix = {arXiv},
	Author = {Copsey, Keith and Mann, Robert},
	Date-Added = {2018-07-25 17:03:46 +0000},
	Date-Modified = {2018-07-25 17:03:46 +0000},
	Doi = {10.1007/JHEP03(2011)039},
	Eprint = {1011.3502},
	Journal = {JHEP},
	Pages = {039},
	Primaryclass = {hep-th},
	Slaccitation = {%%CITATION = ARXIV:1011.3502;%%},
	Title = {{Pathologies in Asymptotically Lifshitz Spacetimes}},
	Volume = {03},
	Year = {2011},
	Bdsk-Url-1 = {https://doi.org/10.1007/JHEP03(2011)039}}

@article{Ogawa:2011bz,
	Archiveprefix = {arXiv},
	Author = {Ogawa, Noriaki and Takayanagi, Tadashi and Ugajin, Tomonori},
	Date-Added = {2018-07-25 17:03:46 +0000},
	Date-Modified = {2018-07-25 17:03:46 +0000},
	Doi = {10.1007/JHEP01(2012)125},
	Eprint = {1111.1023},
	Journal = {JHEP},
	Pages = {125},
	Primaryclass = {hep-th},
	Reportnumber = {IPMU11-0180},
	Slaccitation = {%%CITATION = ARXIV:1111.1023;%%},
	Title = {{Holographic Fermi Surfaces and Entanglement Entropy}},
	Volume = {01},
	Year = {2012},
	Bdsk-Url-1 = {https://doi.org/10.1007/JHEP01(2012)125}}

@article{Niu:2011tb,
	Archiveprefix = {arXiv},
	Author = {Niu, Chao and Tian, Yu and Wu, Xiao-Ning},
	Date-Added = {2018-07-25 17:03:46 +0000},
	Date-Modified = {2018-07-25 17:03:46 +0000},
	Doi = {10.1103/PhysRevD.85.024017},
	Eprint = {1104.3066},
	Journal = {Phys. Rev.},
	Pages = {024017},
	Primaryclass = {hep-th},
	Slaccitation = {%%CITATION = ARXIV:1104.3066;%%},
	Title = {{Critical Phenomena and Thermodynamic Geometry of RN-AdS Black Holes}},
	Volume = {D85},
	Year = {2012},
	Bdsk-Url-1 = {https://doi.org/10.1103/PhysRevD.85.024017}}

@article{Gunasekaran:2012dq,
	Archiveprefix = {arXiv},
	Author = {Gunasekaran, Sharmila and Mann, Robert B. and Kubiznak, David},
	Date-Added = {2018-07-25 17:03:46 +0000},
	Date-Modified = {2018-07-25 17:03:46 +0000},
	Doi = {10.1007/JHEP11(2012)110},
	Eprint = {1208.6251},
	Journal = {JHEP},
	Pages = {110},
	Primaryclass = {hep-th},
	Reportnumber = {PI-STRONGGRV-291},
	Slaccitation = {%%CITATION = ARXIV:1208.6251;%%},
	Title = {{Extended phase space thermodynamics for charged and rotating black holes and Born-Infeld vacuum polarization}},
	Volume = {11},
	Year = {2012},
	Bdsk-Url-1 = {https://doi.org/10.1007/JHEP11(2012)110}}

@article{Kubiznak:2012wp,
	Archiveprefix = {arXiv},
	Author = {Kubiznak, David and Mann, Robert B.},
	Date-Added = {2018-07-25 17:03:46 +0000},
	Date-Modified = {2018-07-25 17:03:46 +0000},
	Doi = {10.1007/JHEP07(2012)033},
	Eprint = {1205.0559},
	Journal = {JHEP},
	Pages = {033},
	Primaryclass = {hep-th},
	Slaccitation = {%%CITATION = ARXIV:1205.0559;%%},
	Title = {{P-V criticality of charged AdS black holes}},
	Volume = {07},
	Year = {2012},
	Bdsk-Url-1 = {https://doi.org/10.1007/JHEP07(2012)033}}

@article{Gouteraux:2012yr,
	Archiveprefix = {arXiv},
	Author = {Gouteraux, B. and Kiritsis, E.},
	Date-Added = {2018-07-25 17:03:46 +0000},
	Date-Modified = {2018-07-25 17:03:46 +0000},
	Doi = {10.1007/JHEP04(2013)053},
	Eprint = {1212.2625},
	Journal = {JHEP},
	Pages = {053},
	Primaryclass = {hep-th},
	Reportnumber = {CCTP-2012-24, NORDITA-2012-101},
	Slaccitation = {%%CITATION = ARXIV:1212.2625;%%},
	Title = {{Quantum critical lines in holographic phases with (un)broken symmetry}},
	Volume = {04},
	Year = {2013},
	Bdsk-Url-1 = {https://doi.org/10.1007/JHEP04(2013)053}}

@article{Gath:2012pg,
	Archiveprefix = {arXiv},
	Author = {Gath, Jakob and Hartong, Jelle and Monteiro, Ricardo and Obers, Niels A.},
	Date-Added = {2018-07-25 17:03:46 +0000},
	Date-Modified = {2018-07-25 17:03:46 +0000},
	Doi = {10.1007/JHEP04(2013)159},
	Eprint = {1212.3263},
	Journal = {JHEP},
	Pages = {159},
	Primaryclass = {hep-th},
	Slaccitation = {%%CITATION = ARXIV:1212.3263;%%},
	Title = {{Holographic Models for Theories with Hyperscaling Violation}},
	Volume = {04},
	Year = {2013},
	Bdsk-Url-1 = {https://doi.org/10.1007/JHEP04(2013)159}}

@article{Huijse:2011ef,
	Archiveprefix = {arXiv},
	Author = {Huijse, Liza and Sachdev, Subir and Swingle, Brian},
	Date-Added = {2018-07-25 17:03:46 +0000},
	Date-Modified = {2018-07-25 17:03:46 +0000},
	Doi = {10.1103/PhysRevB.85.035121},
	Eprint = {1112.0573},
	Journal = {Phys. Rev.},
	Pages = {035121},
	Primaryclass = {cond-mat.str-el},
	Reportnumber = {NSF-KITP-11-259},
	Slaccitation = {%%CITATION = ARXIV:1112.0573;%%},
	Title = {{Hidden Fermi surfaces in compressible states of gauge-gravity duality}},
	Volume = {B85},
	Year = {2012},
	Bdsk-Url-1 = {https://doi.org/10.1103/PhysRevB.85.035121}}

@article{Gouteraux:2011ce,
	Archiveprefix = {arXiv},
	Author = {Gouteraux, B. and Kiritsis, E.},
	Date-Added = {2018-07-25 17:03:46 +0000},
	Date-Modified = {2018-07-25 17:03:46 +0000},
	Doi = {10.1007/JHEP12(2011)036},
	Eprint = {1107.2116},
	Journal = {JHEP},
	Pages = {036},
	Primaryclass = {hep-th},
	Slaccitation = {%%CITATION = ARXIV:1107.2116;%%},
	Title = {{Generalized Holographic Quantum Criticality at Finite Density}},
	Volume = {12},
	Year = {2011},
	Bdsk-Url-1 = {https://doi.org/10.1007/JHEP12(2011)036}}

@article{Hartnoll:2016apf,
	Archiveprefix = {arXiv},
	Author = {Hartnoll, Sean A. and Lucas, Andrew and Sachdev, Subir},
	Date-Added = {2018-07-25 17:03:46 +0000},
	Date-Modified = {2018-07-25 17:03:46 +0000},
	Eprint = {1612.07324},
	Primaryclass = {hep-th},
	Slaccitation = {%%CITATION = ARXIV:1612.07324;%%},
	Title = {{Holographic quantum matter}},
	Year = {2016}}

@article{Son:2008ye,
	Archiveprefix = {arXiv},
	Author = {Son, D. T.},
	Date-Added = {2018-07-25 17:03:46 +0000},
	Date-Modified = {2018-07-25 17:03:46 +0000},
	Doi = {10.1103/PhysRevD.78.046003},
	Eprint = {0804.3972},
	Journal = {Phys. Rev.},
	Pages = {046003},
	Primaryclass = {hep-th},
	Reportnumber = {INT-PUB-08-08},
	Slaccitation = {%%CITATION = ARXIV:0804.3972;%%},
	Title = {{Toward an AdS/cold atoms correspondence: A Geometric realization of the Schrodinger symmetry}},
	Volume = {D78},
	Year = {2008},
	Bdsk-Url-1 = {https://doi.org/10.1103/PhysRevD.78.046003}}

@article{Kachru:2008yh,
	Archiveprefix = {arXiv},
	Author = {Kachru, Shamit and Liu, Xiao and Mulligan, Michael},
	Date-Added = {2018-07-25 17:03:46 +0000},
	Date-Modified = {2018-07-25 17:03:46 +0000},
	Doi = {10.1103/PhysRevD.78.106005},
	Eprint = {0808.1725},
	Journal = {Phys. Rev.},
	Pages = {106005},
	Primaryclass = {hep-th},
	Reportnumber = {SLAC-PUB-13354, SU-ITP-08-16},
	Slaccitation = {%%CITATION = ARXIV:0808.1725;%%},
	Title = {{Gravity duals of Lifshitz-like fixed points}},
	Volume = {D78},
	Year = {2008},
	Bdsk-Url-1 = {https://doi.org/10.1103/PhysRevD.78.106005}}

@article{Gubser:1998bc,
	Archiveprefix = {arXiv},
	Author = {Gubser, S. S. and Klebanov, Igor R. and Polyakov, Alexander M.},
	Date-Added = {2018-07-25 17:03:46 +0000},
	Date-Modified = {2018-07-25 17:03:46 +0000},
	Doi = {10.1016/S0370-2693(98)00377-3},
	Eprint = {hep-th/9802109},
	Journal = {Phys. Lett.},
	Pages = {105-114},
	Primaryclass = {hep-th},
	Reportnumber = {PUPT-1767},
	Slaccitation = {%%CITATION = HEP-TH/9802109;%%},
	Title = {{Gauge theory correlators from noncritical string theory}},
	Volume = {B428},
	Year = {1998},
	Bdsk-Url-1 = {https://doi.org/10.1016/S0370-2693(98)00377-3}}

@article{Maldacena:1997re,
	Archiveprefix = {arXiv},
	Author = {Maldacena, Juan Martin},
	Date-Added = {2018-07-25 17:03:46 +0000},
	Date-Modified = {2018-07-25 17:03:46 +0000},
	Doi = {10.1023/A:1026654312961, 10.4310/ATMP.1998.v2.n2.a1},
	Eprint = {hep-th/9711200},
	Journal = {Int. J. Theor. Phys.},
	Note = {[Adv. Theor. Math. Phys.2,231(1998)]},
	Pages = {1113-1133},
	Primaryclass = {hep-th},
	Reportnumber = {HUTP-97-A097, HUTP-98-A097},
	Slaccitation = {%%CITATION = HEP-TH/9711200;%%},
	Title = {{The Large N limit of superconformal field theories and supergravity}},
	Volume = {38},
	Year = {1999},
	Bdsk-Url-1 = {https://doi.org/10.1023/A:1026654312961,%2010.4310/ATMP.1998.v2.n2.a1}}

@article{Witten:1998qj,
	Archiveprefix = {arXiv},
	Author = {Witten, Edward},
	Date-Added = {2018-07-25 17:03:46 +0000},
	Date-Modified = {2018-07-25 17:03:46 +0000},
	Doi = {10.4310/ATMP.1998.v2.n2.a2},
	Eprint = {hep-th/9802150},
	Journal = {Adv. Theor. Math. Phys.},
	Pages = {253-291},
	Primaryclass = {hep-th},
	Reportnumber = {IASSNS-HEP-98-15},
	Slaccitation = {%%CITATION = HEP-TH/9802150;%%},
	Title = {{Anti-de Sitter space and holography}},
	Volume = {2},
	Year = {1998},
	Bdsk-Url-1 = {https://doi.org/10.4310/ATMP.1998.v2.n2.a2}}

@article{kachru2008gravity,
	Author = {Kachru, Shamit and Liu, Xiao and Mulligan, Michael},
	Date-Added = {2018-07-25 17:03:46 +0000},
	Date-Modified = {2018-07-25 17:03:46 +0000},
	Journal = {Physical Review D},
	Number = {10},
	Pages = {106005},
	Publisher = {APS},
	Title = {Gravity duals of Lifshitz-like fixed points},
	Volume = {78},
	Year = {2008}}

@article{Liu:2014dva,
	Archiveprefix = {arXiv},
	Author = {Liu, Hai-Shan and L{\"u}, H.},
	Date-Added = {2018-07-25 17:03:46 +0000},
	Date-Modified = {2018-07-25 17:03:46 +0000},
	Doi = {10.1007/JHEP12(2014)071},
	Eprint = {1410.6181},
	Journal = {JHEP},
	Pages = {071},
	Primaryclass = {hep-th},
	Slaccitation = {%%CITATION = ARXIV:1410.6181;%%},
	Title = {{Thermodynamics of Lifshitz Black Holes}},
	Volume = {12},
	Year = {2014},
	Bdsk-Url-1 = {https://doi.org/10.1007/JHEP12(2014)071}}

@article{gubser1998gauge,
	Author = {Gubser, Steven S and Klebanov, Igor R and Polyakov, Alexander M},
	Date-Added = {2018-07-25 17:03:46 +0000},
	Date-Modified = {2018-07-25 17:03:46 +0000},
	Journal = {Physics Letters B},
	Number = {1-2},
	Pages = {105--114},
	Publisher = {Elsevier},
	Title = {Gauge theory correlators from non-critical string theory},
	Volume = {428},
	Year = {1998}}

@article{witten1998anti,
	Author = {Witten, Edward},
	Date-Added = {2018-07-25 17:03:46 +0000},
	Date-Modified = {2018-07-25 17:03:46 +0000},
	Journal = {Adv. Theor. Math. Phys.},
	Number = {hep-th/9802150},
	Pages = {253--291},
	Title = {Anti-de Sitter Space And Holography},
	Volume = {2},
	Year = {1998}}

@article{Maldacena1999,
	Abstract = {We show that the large-N limits of certainconformal field theories in various dimensions includein their Hilbert space a sector describing supergravityon the product of anti-de Sitter spacetimes, spheres, and other compact manifolds. This is shown bytaking some branes in the full M/string theory and thentaking a low-energy limit where the field theory on thebrane decouples from the bulk. We observe that, in this limit, we can still trust thenear-horizon geometry for large N. The enhancedsupersymmetries of the near-horizon geometry correspondto the extra supersymmetry generators present in thesuperconformal group (as opposed to just the super-Poincaregroup). The 't Hooft limit of 3 + 1 N = 4 super-Yang--Mills at the conformal pointis shown to contain strings: they are IIB strings. Weconjecture that compactifications of M/string theory on various anti-de Sitterspacetimes is dual to various conformal field theories.This leads to a new proposal for a definition ofM-theory which could be extended to include fivenoncompact dimensions.},
	Author = {Maldacena, Juan},
	Date-Added = {2018-07-25 17:03:46 +0000},
	Date-Modified = {2018-07-25 17:03:46 +0000},
	Day = {01},
	Doi = {10.1023/A:1026654312961},
	Issn = {1572-9575},
	Journal = {International Journal of Theoretical Physics},
	Month = {Apr},
	Number = {4},
	Pages = {1113--1133},
	Title = {The Large-N Limit of Superconformal Field Theories and Supergravity},
	Url = {https://doi.org/10.1023/A:1026654312961},
	Volume = {38},
	Year = {1999},
	Bdsk-Url-1 = {https://doi.org/10.1023/A:1026654312961}}

@article{Balasubramanian:2009rx,
	Archiveprefix = {arXiv},
	Author = {Balasubramanian, Koushik and McGreevy, John},
	Date-Added = {2018-07-25 17:03:46 +0000},
	Date-Modified = {2018-07-25 17:03:46 +0000},
	Doi = {10.1103/PhysRevD.80.104039},
	Eprint = {0909.0263},
	Journal = {Phys. Rev.},
	Pages = {104039},
	Primaryclass = {hep-th},
	Reportnumber = {MIT-CTP-4068, NSF-KITP-09-136},
	Slaccitation = {%%CITATION = ARXIV:0909.0263;%%},
	Title = {{An Analytic Lifshitz black hole}},
	Volume = {D80},
	Year = {2009},
	Bdsk-Url-1 = {https://dx.doi.org/10.1103/PhysRevD.80.104039}}

@article{Dolan:2014vba,
	Archiveprefix = {arXiv},
	Author = {Dolan, Brian P. and Kostouki, Anna and Kubiznak, David and Mann, Robert B.},
	Date-Added = {2018-07-25 17:03:46 +0000},
	Date-Modified = {2018-07-25 17:03:46 +0000},
	Doi = {10.1088/0264-9381/31/24/242001},
	Eprint = {1407.4783},
	Journal = {Class. Quant. Grav.},
	Number = {24},
	Pages = {242001},
	Primaryclass = {hep-th},
	Slaccitation = {%%CITATION = ARXIV:1407.4783;%%},
	Title = {{Isolated critical point from Lovelock gravity}},
	Volume = {31},
	Year = {2014},
	Bdsk-Url-1 = {https://doi.org/10.1088/0264-9381/31/24/242001}}

@article{Chamblin:1999tk,
	Archiveprefix = {arXiv},
	Author = {Chamblin, Andrew and Emparan, Roberto and Johnson, Clifford V. and Myers, Robert C.},
	Date-Added = {2018-07-25 17:03:46 +0000},
	Date-Modified = {2018-07-25 17:03:46 +0000},
	Doi = {10.1103/PhysRevD.60.064018},
	Eprint = {hep-th/9902170},
	Journal = {Phys. Rev.},
	Pages = {064018},
	Primaryclass = {hep-th},
	Reportnumber = {DAMTP-1999-29, EHU-FT-9902, UK-99-02, MCGILL-99-07},
	Slaccitation = {%%CITATION = HEP-TH/9902170;%%},
	Title = {{Charged AdS black holes and catastrophic holography}},
	Volume = {D60},
	Year = {1999},
	Bdsk-Url-1 = {https://dx.doi.org/10.1103/PhysRevD.60.064018}}

@article{Charmousis:2010zz,
	Archiveprefix = {arXiv},
	Author = {Charmousis, Christos and Gouteraux, Blaise and Kim, Bom Soo and Kiritsis, Elias and Meyer, Rene},
	Date-Added = {2018-07-25 17:03:46 +0000},
	Date-Modified = {2018-07-25 17:03:46 +0000},
	Doi = {10.1007/JHEP11(2010)151},
	Eprint = {1005.4690},
	Journal = {JHEP},
	Pages = {151},
	Primaryclass = {hep-th},
	Reportnumber = {CCTP-2010-5, LPT-10-34},
	Slaccitation = {%%CITATION = ARXIV:1005.4690;%%},
	Title = {{Effective Holographic Theories for low-temperature condensed matter systems}},
	Volume = {11},
	Year = {2010},
	Bdsk-Url-1 = {https://dx.doi.org/10.1007/JHEP11(2010)151}}

@article{Cremonini:2013ipa,
	Archiveprefix = {arXiv},
	Author = {Cremonini, Sera and Dong, Xi},
	Date-Added = {2018-07-25 17:03:46 +0000},
	Date-Modified = {2018-07-25 17:03:46 +0000},
	Doi = {10.1103/PhysRevD.89.065041},
	Eprint = {1311.3307},
	Journal = {Phys. Rev.},
	Number = {6},
	Pages = {065041},
	Primaryclass = {hep-th},
	Reportnumber = {SU-ITP-13-23},
	Slaccitation = {%%CITATION = ARXIV:1311.3307;%%},
	Title = {{Constraints on renormalization group flows from holographic entanglement entropy}},
	Volume = {D89},
	Year = {2014},
	Bdsk-Url-1 = {https://dx.doi.org/10.1103/PhysRevD.89.065041}}

@article{Casini:2011kv,
	Archiveprefix = {arXiv},
	Author = {Casini, Horacio and Huerta, Marina and Myers, Robert C.},
	Date-Added = {2018-07-25 17:03:46 +0000},
	Date-Modified = {2018-07-25 17:03:46 +0000},
	Doi = {10.1007/JHEP05(2011)036},
	Eprint = {1102.0440},
	Journal = {JHEP},
	Pages = {036},
	Primaryclass = {hep-th},
	Slaccitation = {%%CITATION = ARXIV:1102.0440;%%},
	Title = {{Towards a derivation of holographic entanglement entropy}},
	Volume = {05},
	Year = {2011},
	Bdsk-Url-1 = {https://dx.doi.org/10.1007/JHEP05(2011)036}}

@article{Keranen:2016ija,
	Archiveprefix = {arXiv},
	Author = {Keranen, Ville and Sybesma, Watse and Szepietowski, Phillip and Thorlacius, Larus},
	Date-Added = {2018-07-25 17:03:46 +0000},
	Date-Modified = {2018-07-25 17:03:46 +0000},
	Doi = {10.1007/JHEP05(2017)033},
	Eprint = {1611.09371},
	Journal = {JHEP},
	Pages = {033},
	Primaryclass = {hep-th},
	Slaccitation = {%%CITATION = ARXIV:1611.09371;%%},
	Title = {{Correlation functions in theories with Lifshitz scaling}},
	Volume = {05},
	Year = {2017},
	Bdsk-Url-1 = {https://dx.doi.org/10.1007/JHEP05(2017)033}}

@article{Sybesma:2015oha,
	Archiveprefix = {arXiv},
	Author = {Sybesma, Watse and Vandoren, Stefan},
	Date-Added = {2018-07-25 17:03:46 +0000},
	Date-Modified = {2018-07-25 17:03:46 +0000},
	Doi = {10.1007/JHEP05(2015)021},
	Eprint = {1503.07457},
	Journal = {JHEP},
	Pages = {021},
	Primaryclass = {hep-th},
	Slaccitation = {%%CITATION = ARXIV:1503.07457;%%},
	Title = {{Lifshitz quasinormal modes and relaxation from holography}},
	Volume = {05},
	Year = {2015},
	Bdsk-Url-1 = {https://dx.doi.org/10.1007/JHEP05(2015)021}}

@article{Chemissany:2014xsa,
	Archiveprefix = {arXiv},
	Author = {Chemissany, Wissam and Papadimitriou, Ioannis},
	Date-Added = {2018-07-25 17:03:46 +0000},
	Date-Modified = {2018-07-25 17:03:46 +0000},
	Doi = {10.1007/JHEP01(2015)052},
	Eprint = {1408.0795},
	Journal = {JHEP},
	Pages = {052},
	Primaryclass = {hep-th},
	Slaccitation = {%%CITATION = ARXIV:1408.0795;%%},
	Title = {{Lifshitz holography: The whole shebang}},
	Volume = {01},
	Year = {2015},
	Bdsk-Url-1 = {https://dx.doi.org/10.1007/JHEP01(2015)052}}

@article{Taylor:2008tg,
	Archiveprefix = {arXiv},
	Author = {Taylor, Marika},
	Date-Added = {2018-07-25 17:03:46 +0000},
	Date-Modified = {2018-07-25 17:03:46 +0000},
	Eprint = {0812.0530},
	Primaryclass = {hep-th},
	Reportnumber = {ITFA-2008-48},
	Slaccitation = {%%CITATION = ARXIV:0812.0530;%%},
	Title = {{Non-relativistic holography}},
	Year = {2008}}

@article{Kubiznak:2016qmn,
	Archiveprefix = {arXiv},
	Author = {Kubiznak, David and Mann, Robert B. and Teo, Mae},
	Date-Added = {2018-07-25 17:03:46 +0000},
	Date-Modified = {2018-07-25 17:03:46 +0000},
	Doi = {10.1088/1361-6382/aa5c69},
	Eprint = {1608.06147},
	Journal = {Class. Quant. Grav.},
	Number = {6},
	Pages = {063001},
	Primaryclass = {hep-th},
	Slaccitation = {%%CITATION = ARXIV:1608.06147;%%},
	Title = {{Black hole chemistry: thermodynamics with Lambda}},
	Volume = {34},
	Year = {2017},
	Bdsk-Url-1 = {https://dx.doi.org/10.1088/1361-6382/aa5c69}}

@article{Dong:2012se,
	Archiveprefix = {arXiv},
	Author = {Dong, Xi and Harrison, Sarah and Kachru, Shamit and Torroba, Gonzalo and Wang, Huajia},
	Date-Added = {2018-07-25 17:03:46 +0000},
	Date-Modified = {2018-07-25 17:03:46 +0000},
	Doi = {10.1007/JHEP06(2012)041},
	Eprint = {1201.1905},
	Journal = {JHEP},
	Pages = {041},
	Primaryclass = {hep-th},
	Reportnumber = {SLAC-PUB-14850, SU-ITP-12-01},
	Slaccitation = {%%CITATION = ARXIV:1201.1905;%%},
	Title = {{Aspects of holography for theories with hyperscaling violation}},
	Volume = {06},
	Year = {2012},
	Bdsk-Url-1 = {https://dx.doi.org/10.1007/JHEP06(2012)041}}

@article{Alishahiha:2012qu,
	Archiveprefix = {arXiv},
	Author = {Alishahiha, Mohsen and O Colgain, Eoin and Yavartanoo, Hossein},
	Date-Added = {2018-07-25 17:03:46 +0000},
	Date-Modified = {2018-07-25 17:03:46 +0000},
	Doi = {10.1007/JHEP11(2012)137},
	Eprint = {1209.3946},
	Journal = {JHEP},
	Pages = {137},
	Primaryclass = {hep-th},
	Slaccitation = {%%CITATION = ARXIV:1209.3946;%%},
	Title = {{Charged Black Branes with Hyperscaling Violating Factor}},
	Volume = {11},
	Year = {2012},
	Bdsk-Url-1 = {https://dx.doi.org/10.1007/JHEP11(2012)137}}

@article{Tarrio:2011de,
	Archiveprefix = {arXiv},
	Author = {Tarrio, Javier and Vandoren, Stefan},
	Date-Added = {2018-07-25 17:03:46 +0000},
	Date-Modified = {2018-07-25 17:03:46 +0000},
	Doi = {10.1007/JHEP09(2011)017},
	Eprint = {1105.6335},
	Journal = {JHEP},
	Pages = {017},
	Primaryclass = {hep-th},
	Reportnumber = {ITF-UU-11-19, SPIN-11-14},
	Slaccitation = {%%CITATION = ARXIV:1105.6335;%%},
	Title = {{Black holes and black branes in Lifshitz spacetimes}},
	Volume = {09},
	Year = {2011},
	Bdsk-Url-1 = {https://dx.doi.org/10.1007/JHEP09(2011)017}}

@article{Emparan:1999gf,
	Archiveprefix = {arXiv},
	Author = {Emparan, Roberto},
	Date-Added = {2018-07-25 17:03:46 +0000},
	Date-Modified = {2018-07-25 17:03:46 +0000},
	Doi = {10.1088/1126-6708/1999/06/036},
	Eprint = {hep-th/9906040},
	Journal = {JHEP},
	Pages = {036},
	Primaryclass = {hep-th},
	Reportnumber = {DTP-99-37, EHU-FT-9909},
	Slaccitation = {%%CITATION = HEP-TH/9906040;%%},
	Title = {{AdS / CFT duals of topological black holes and the entropy of zero energy states}},
	Volume = {06},
	Year = {1999},
	Bdsk-Url-1 = {https://doi.org/10.1088/1126-6708/1999/06/036}}

@article{Kiritsis:2016rcb,
	Archiveprefix = {arXiv},
	Author = {Kiritsis, Elias and Matsuo, Yoshinori},
	Date-Added = {2018-07-25 17:03:46 +0000},
	Date-Modified = {2018-07-25 17:03:46 +0000},
	Doi = {10.1007/JHEP03(2017)041},
	Eprint = {1611.04773},
	Journal = {JHEP},
	Pages = {041},
	Primaryclass = {hep-th},
	Reportnumber = {CCTP-2016-7, CCQCN-2016-152},
	Slaccitation = {%%CITATION = ARXIV:1611.04773;%%},
	Title = {{Hyperscaling-Violating Lifshitz hydrodynamics from black-holes: Part II}},
	Volume = {03},
	Year = {2017},
	Bdsk-Url-1 = {https://doi.org/10.1007/JHEP03(2017)041}}

@article{Tarrio:2013tta,
	Archiveprefix = {arXiv},
	Author = {Tarrio, Javier},
	Date-Added = {2018-07-25 17:03:46 +0000},
	Date-Modified = {2018-07-25 17:03:46 +0000},
	Doi = {10.1007/JHEP04(2014)042},
	Eprint = {1312.2902},
	Journal = {JHEP},
	Pages = {042},
	Primaryclass = {hep-th},
	Reportnumber = {ICCUB-13-247},
	Slaccitation = {%%CITATION = ARXIV:1312.2902;%%},
	Title = {{Transport properties of spacetime-filling branes}},
	Volume = {04},
	Year = {2014},
	Bdsk-Url-1 = {https://doi.org/10.1007/JHEP04(2014)042}}

@article{Brenna:2015pqa,
	Archiveprefix = {arXiv},
	Author = {Brenna, Wilson G. and Mann, Robert B. and Park, Miok},
	Date-Added = {2018-07-25 17:03:46 +0000},
	Date-Modified = {2018-07-25 17:03:46 +0000},
	Doi = {10.1103/PhysRevD.92.044015},
	Eprint = {1505.06331},
	Journal = {Phys. Rev.},
	Number = {4},
	Pages = {044015},
	Primaryclass = {hep-th},
	Slaccitation = {%%CITATION = ARXIV:1505.06331;%%},
	Title = {{Mass and Thermodynamic Volume in Lifshitz Spacetimes}},
	Volume = {D92},
	Year = {2015},
	Bdsk-Url-1 = {https://doi.org/10.1103/PhysRevD.92.044015}}

@article{Birmingham:1998nr,
	Archiveprefix = {arXiv},
	Author = {Birmingham, Danny},
	Date-Added = {2018-07-25 17:03:46 +0000},
	Date-Modified = {2018-07-25 17:03:46 +0000},
	Doi = {10.1088/0264-9381/16/4/009},
	Eprint = {hep-th/9808032},
	Journal = {Class. Quant. Grav.},
	Pages = {1197-1205},
	Primaryclass = {hep-th},
	Slaccitation = {%%CITATION = HEP-TH/9808032;%%},
	Title = {{Topological black holes in Anti-de Sitter space}},
	Volume = {16},
	Year = {1999},
	Bdsk-Url-1 = {https://doi.org/10.1088/0264-9381/16/4/009}}

@article{Balasubramanian:1999re,
	Archiveprefix = {arXiv},
	Author = {Balasubramanian, Vijay and Kraus, Per},
	Date-Added = {2018-07-25 17:03:46 +0000},
	Date-Modified = {2018-07-25 17:03:46 +0000},
	Doi = {10.1007/s002200050764},
	Eprint = {hep-th/9902121},
	Journal = {Commun. Math. Phys.},
	Pages = {413-428},
	Primaryclass = {hep-th},
	Reportnumber = {HUTP-99-A002, EFI-99-6, NSF-ITP-98-132},
	Slaccitation = {%%CITATION = HEP-TH/9902121;%%},
	Title = {{A Stress tensor for Anti-de Sitter gravity}},
	Volume = {208},
	Year = {1999},
	Bdsk-Url-1 = {https://doi.org/10.1007/s002200050764}}

@article{Henningson:1998gx,
	Archiveprefix = {arXiv},
	Author = {Henningson, M. and Skenderis, K.},
	Date-Added = {2018-07-25 17:03:46 +0000},
	Date-Modified = {2018-07-25 17:03:46 +0000},
	Doi = {10.1088/1126-6708/1998/07/023},
	Eprint = {hep-th/9806087},
	Journal = {JHEP},
	Pages = {023},
	Primaryclass = {hep-th},
	Reportnumber = {CERN-TH-98-188, KUL-TF-98-21},
	Slaccitation = {%%CITATION = HEP-TH/9806087;%%},
	Title = {{The Holographic Weyl anomaly}},
	Volume = {07},
	Year = {1998},
	Bdsk-Url-1 = {https://doi.org/10.1088/1126-6708/1998/07/023}}

@article{Bao:2012yt,
	Archiveprefix = {arXiv},
	Author = {Bao, Ning and Dong, Xi and Harrison, Sarah and Silverstein, Eva},
	Date-Added = {2018-07-25 17:03:46 +0000},
	Date-Modified = {2018-07-25 17:03:46 +0000},
	Doi = {10.1103/PhysRevD.86.106008},
	Eprint = {1207.0171},
	Journal = {Phys. Rev.},
	Pages = {106008},
	Primaryclass = {hep-th},
	Reportnumber = {SLAC-PUB-15119, SU-ITP-12-18},
	Slaccitation = {%%CITATION = ARXIV:1207.0171;%%},
	Title = {{The Benefits of Stress: Resolution of the Lifshitz Singularity}},
	Volume = {D86},
	Year = {2012},
	Bdsk-Url-1 = {https://doi.org/10.1103/PhysRevD.86.106008}}

@article{Shaghoulian:2011aa,
	Archiveprefix = {arXiv},
	Author = {Shaghoulian, Edgar},
	Date-Added = {2018-07-25 17:03:46 +0000},
	Date-Modified = {2018-07-25 17:03:46 +0000},
	Doi = {10.1007/JHEP05(2012)065},
	Eprint = {1112.2702},
	Journal = {JHEP},
	Pages = {065},
	Primaryclass = {hep-th},
	Slaccitation = {%%CITATION = ARXIV:1112.2702;%%},
	Title = {{Holographic Entanglement Entropy and Fermi Surfaces}},
	Volume = {05},
	Year = {2012},
	Bdsk-Url-1 = {https://doi.org/10.1007/JHEP05(2012)065}}

@article{Harrison:2012vy,
	Archiveprefix = {arXiv},
	Author = {Harrison, Sarah and Kachru, Shamit and Wang, Huajia},
	Date-Added = {2018-07-25 17:03:46 +0000},
	Date-Modified = {2018-07-25 17:03:46 +0000},
	Doi = {10.1007/JHEP02(2014)085},
	Eprint = {1202.6635},
	Journal = {JHEP},
	Pages = {085},
	Primaryclass = {hep-th},
	Reportnumber = {SLAC-PUB-14966, SU-ITP-12-07},
	Slaccitation = {%%CITATION = ARXIV:1202.6635;%%},
	Title = {{Resolving Lifshitz Horizons}},
	Volume = {02},
	Year = {2014},
	Bdsk-Url-1 = {https://doi.org/10.1007/JHEP02(2014)085}}

@article{Copsey:2012gw,
	Archiveprefix = {arXiv},
	Author = {Copsey, Keith and Mann, Robert},
	Date-Added = {2018-07-25 17:03:46 +0000},
	Date-Modified = {2018-07-25 17:03:46 +0000},
	Doi = {10.1007/JHEP04(2013)079},
	Eprint = {1210.1231},
	Journal = {JHEP},
	Pages = {079},
	Primaryclass = {hep-th},
	Slaccitation = {%%CITATION = ARXIV:1210.1231;%%},
	Title = {{Singularities in Hyperscaling Violating Spacetimes}},
	Volume = {04},
	Year = {2013},
	Bdsk-Url-1 = {https://doi.org/10.1007/JHEP04(2013)079}}

@article{Caceres:2010rm,
	Archiveprefix = {arXiv},
	Author = {Caceres, Elena and Chernicoff, Mariano and Guijosa, Alberto and Pedraza, Juan F.},
	Date-Added = {2018-07-25 17:03:46 +0000},
	Date-Modified = {2018-07-25 17:03:46 +0000},
	Doi = {10.1007/JHEP06(2010)078},
	Eprint = {1003.5332},
	Journal = {JHEP},
	Pages = {078},
	Primaryclass = {hep-th},
	Reportnumber = {UTTG-03-10},
	Slaccitation = {%%CITATION = ARXIV:1003.5332;%%},
	Title = {{Quantum Fluctuations and the Unruh Effect in Strongly-Coupled Conformal Field Theories}},
	Volume = {06},
	Year = {2010},
	Bdsk-Url-1 = {https://doi.org/10.1007/JHEP06(2010)078}}

@article{Witten:1998zw,
	Archiveprefix = {arXiv},
	Author = {Witten, Edward},
	Date-Added = {2018-07-25 17:03:46 +0000},
	Date-Modified = {2018-07-25 17:03:46 +0000},
	Doi = {10.4310/ATMP.1998.v2.n3.a3},
	Eprint = {hep-th/9803131},
	Journal = {Adv. Theor. Math. Phys.},
	Note = {[,89(1998)]},
	Pages = {505-532},
	Primaryclass = {hep-th},
	Reportnumber = {IASSNS-HEP-98-21},
	Slaccitation = {%%CITATION = HEP-TH/9803131;%%},
	Title = {{Anti-de Sitter space, thermal phase transition, and confinement in gauge theories}},
	Volume = {2},
	Year = {1998},
	Bdsk-Url-1 = {https://doi.org/10.4310/ATMP.1998.v2.n3.a3}}

@article{Hawking:1982dh,
	Author = {Hawking, S. W. and Page, Don N.},
	Date-Added = {2018-07-25 17:03:46 +0000},
	Date-Modified = {2018-07-25 17:03:46 +0000},
	Doi = {10.1007/BF01208266},
	Journal = {Commun. Math. Phys.},
	Pages = {577},
	Reportnumber = {PRINT-83-0019 (CAMBRIDGE)},
	Slaccitation = {%%CITATION = CMPHA,87,577;%%},
	Title = {{Thermodynamics of Black Holes in anti-De Sitter Space}},
	Volume = {87},
	Year = {1983},
	Bdsk-Url-1 = {https://doi.org/10.1007/BF01208266}}

@article{Chamblin:1999hg,
	Archiveprefix = {arXiv},
	Author = {Chamblin, Andrew and Emparan, Roberto and Johnson, Clifford V. and Myers, Robert C.},
	Date-Added = {2018-07-25 17:03:46 +0000},
	Date-Modified = {2018-07-25 17:03:46 +0000},
	Doi = {10.1103/PhysRevD.60.104026},
	Eprint = {hep-th/9904197},
	Journal = {Phys. Rev.},
	Pages = {104026},
	Primaryclass = {hep-th},
	Reportnumber = {DAMTP-1999-54, EHU-FT-9907, DTP-99-25, UK-99-5, MCGILL-99-15},
	Slaccitation = {%%CITATION = HEP-TH/9904197;%%},
	Title = {{Holography, thermodynamics and fluctuations of charged AdS black holes}},
	Volume = {D60},
	Year = {1999},
	Bdsk-Url-1 = {https://doi.org/10.1103/PhysRevD.60.104026}}

@article{Jacobson:1993pf,
	Archiveprefix = {arXiv},
	Author = {Jacobson, Ted and Kang, Gungwon},
	Date-Added = {2018-07-25 17:03:46 +0000},
	Date-Modified = {2018-07-25 17:03:46 +0000},
	Doi = {10.1088/0264-9381/10/11/002},
	Eprint = {gr-qc/9307002},
	Journal = {Class. Quant. Grav.},
	Pages = {L201-L206},
	Primaryclass = {gr-qc},
	Reportnumber = {NSF-ITP-93-91, UMD-GR-94-002},
	Slaccitation = {%%CITATION = GR-QC/9307002;%%},
	Title = {{Conformal invariance of black hole temperature}},
	Volume = {10},
	Year = {1993},
	Bdsk-Url-1 = {https://doi.org/10.1088/0264-9381/10/11/002}}

@article{Emparan:1999pm,
	Archiveprefix = {arXiv},
	Author = {Emparan, Roberto and Johnson, Clifford V. and Myers, Robert C.},
	Date-Added = {2018-07-25 17:03:46 +0000},
	Date-Modified = {2018-07-25 17:03:46 +0000},
	Doi = {10.1103/PhysRevD.60.104001},
	Eprint = {hep-th/9903238},
	Journal = {Phys. Rev.},
	Pages = {104001},
	Primaryclass = {hep-th},
	Reportnumber = {DTP-99-21, UK-99-04, MCGILL-99-12, EHU-FT-9906},
	Slaccitation = {%%CITATION = HEP-TH/9903238;%%},
	Title = {{Surface terms as counterterms in the AdS / CFT correspondence}},
	Volume = {D60},
	Year = {1999},
	Bdsk-Url-1 = {https://doi.org/10.1103/PhysRevD.60.104001}}

@article{Hofman:2014loa,
	Archiveprefix = {arXiv},
	Author = {Hofman, Diego M. and Rollier, Blaise},
	Date-Added = {2018-07-25 17:03:46 +0000},
	Date-Modified = {2018-07-25 17:03:46 +0000},
	Doi = {10.1016/j.nuclphysb.2015.05.011},
	Eprint = {1411.0672},
	Journal = {Nucl. Phys.},
	Pages = {1-38},
	Primaryclass = {hep-th},
	Slaccitation = {%%CITATION = ARXIV:1411.0672;%%},
	Title = {{Warped Conformal Field Theory as Lower Spin Gravity}},
	Volume = {B897},
	Year = {2015},
	Bdsk-Url-1 = {https://doi.org/10.1016/j.nuclphysb.2015.05.011}}

@article{Almheiri2015,
	Archiveprefix = {arXiv},
	Author = {Almheiri, Ahmed and Polchinski, Joseph},
	Doi = {10.1007/JHEP11(2015)014},
	Eprint = {1402.6334},
	File = {:Almheiri2015 - Models of AdS$_2$ Backreaction and Holography.pdf:PDF},
	Journal = {JHEP},
	Pages = {014},
	Primaryclass = {hep-th},
	Slaccitation = {%%CITATION = ARXIV:1402.6334;%%},
	Title = {{Models of AdS$_{2}$ backreaction and holography}},
	Volume = {11},
	Year = {2015},
	Bdsk-Url-1 = {https://doi.org/10.1007/JHEP11(2015)014}}

@article{Zurek:1982zz,
	Author = {Zurek, W. H.},
	Doi = {10.1103/PhysRevLett.49.1683},
	Journal = {Phys. Rev. Lett.},
	Pages = {1683-1686},
	Slaccitation = {%%CITATION = PRLTA,49,1683;%%},
	Title = {{Entropy Evaporated by a Black Hole}},
	Volume = {49},
	Year = {1982},
	Bdsk-Url-1 = {https://doi.org/10.1103/PhysRevLett.49.1683}}

@article{Callan:1991at,
	Archiveprefix = {arXiv},
	Author = {Callan, Jr., Curtis G. and Harvey, Jeffrey A. and Strominger, Andrew},
	Eprint = {hep-th/9112030},
	Primaryclass = {hep-th},
	Reportnumber = {EFI-91-66},
	Slaccitation = {%%CITATION = HEP-TH/9112030;%%},
	Title = {{Supersymmetric string solitons}},
	Year = {1991}}

@article{Witten:1991yr,
	Author = {Witten, Edward},
	Doi = {10.1103/PhysRevD.44.314},
	Journal = {Phys. Rev.},
	Pages = {314-324},
	Reportnumber = {IASSNS-HEP-91-12},
	Slaccitation = {%%CITATION = PHRVA,D44,314;%%},
	Title = {{On string theory and black holes}},
	Volume = {D44},
	Year = {1991},
	Bdsk-Url-1 = {https://doi.org/10.1103/PhysRevD.44.314}}

@article{Penington:2019npb,
	Archiveprefix = {arXiv},
	Author = {Penington, Geoffrey},
	Eprint = {1905.08255},
	Primaryclass = {hep-th},
	Slaccitation = {%%CITATION = ARXIV:1905.08255;%%},
	Title = {{Entanglement Wedge Reconstruction and the Information Paradox}},
	Year = {2019}}

@article{Almheiri:2019psf,
	Archiveprefix = {arXiv},
	Author = {Almheiri, Ahmed and Engelhardt, Netta and Marolf, Donald and Maxfield, Henry},
	Doi = {10.1007/JHEP12(2019)063},
	Eprint = {1905.08762},
	Journal = {JHEP},
	Pages = {063},
	Primaryclass = {hep-th},
	Slaccitation = {%%CITATION = ARXIV:1905.08762;%%},
	Title = {{The entropy of bulk quantum fields and the entanglement wedge of an evaporating black hole}},
	Volume = {12},
	Year = {2019},
	Bdsk-Url-1 = {https://doi.org/10.1007/JHEP12(2019)063}}

@article{Almheiri:2019hni,
	Archiveprefix = {arXiv},
	Author = {Almheiri, Ahmed and Mahajan, Raghu and Maldacena, Juan and Zhao, Ying},
	Doi = {10.1007/JHEP03(2020)149},
	Eprint = {1908.10996},
	Journal = {JHEP},
	Pages = {149},
	Primaryclass = {hep-th},
	Title = {{The Page curve of Hawking radiation from semiclassical geometry}},
	Volume = {03},
	Year = {2020},
	Bdsk-Url-1 = {https://doi.org/10.1007/JHEP03(2020)149}}

@article{Losev:1997hx,
	Archiveprefix = {arXiv},
	Author = {Losev, Andrei and Moore, Gregory W. and Shatashvili, Samson L.},
	Doi = {10.1016/S0550-3213(98)00262-4},
	Eprint = {hep-th/9707250},
	Journal = {Nucl. Phys.},
	Pages = {105-124},
	Primaryclass = {hep-th},
	Reportnumber = {ITEP-35-97, YCTP-P13-97},
	Slaccitation = {%%CITATION = HEP-TH/9707250;%%},
	Title = {{M \& m's}},
	Volume = {B522},
	Year = {1998},
	Bdsk-Url-1 = {https://doi.org/10.1016/S0550-3213(98)00262-4}}

@article{Itzhaki:1998dd,
	Archiveprefix = {arXiv},
	Author = {Itzhaki, Nissan and Maldacena, Juan Martin and Sonnenschein, Jacob and Yankielowicz, Shimon},
	Doi = {10.1103/PhysRevD.58.046004},
	Eprint = {hep-th/9802042},
	Journal = {Phys. Rev.},
	Pages = {046004},
	Primaryclass = {hep-th},
	Reportnumber = {TAUP-2474-98, HUTP-98-A003},
	Slaccitation = {%%CITATION = HEP-TH/9802042;%%},
	Title = {{Supergravity and the large N limit of theories with sixteen supercharges}},
	Volume = {D58},
	Year = {1998},
	Bdsk-Url-1 = {https://doi.org/10.1103/PhysRevD.58.046004}}

@article{Maldacena:1997cg,
	Archiveprefix = {arXiv},
	Author = {Maldacena, Juan Martin and Strominger, Andrew},
	Doi = {10.1088/1126-6708/1997/12/008},
	Eprint = {hep-th/9710014},
	Journal = {JHEP},
	Pages = {008},
	Primaryclass = {hep-th},
	Slaccitation = {%%CITATION = HEP-TH/9710014;%%},
	Title = {{Semiclassical decay of near extremal five-branes}},
	Volume = {12},
	Year = {1997},
	Bdsk-Url-1 = {https://doi.org/10.1088/1126-6708/1997/12/008}}

@article{Malek:2015hma,
	Archiveprefix = {arXiv},
	Author = {Malek, Emanuel and Samtleben, Henning},
	Doi = {10.1007/JHEP12(2015)029},
	Eprint = {1510.03433},
	Journal = {JHEP},
	Pages = {029},
	Primaryclass = {hep-th},
	Reportnumber = {LMU-ASC-64-15},
	Slaccitation = {%%CITATION = ARXIV:1510.03433;%%},
	Title = {{Dualising consistent IIA/IIB truncations}},
	Volume = {12},
	Year = {2015},
	Bdsk-Url-1 = {https://doi.org/10.1007/JHEP12(2015)029}}

@article{Almheiri:2019yqk,
	Archiveprefix = {arXiv},
	Author = {Almheiri, Ahmed and Mahajan, Raghu and Maldacena, Juan},
	Eprint = {1910.11077},
	Primaryclass = {hep-th},
	Slaccitation = {%%CITATION = ARXIV:1910.11077;%%},
	Title = {{Islands outside the horizon}},
	Year = {2019}}

@article{Thorlacius:1994ip,
	Archiveprefix = {arXiv},
	Author = {Thorlacius, Larus},
	Booktitle = {{Trieste Spring School 1994:0245-278}},
	Doi = {10.1016/0920-5632(95)00435-C},
	Eprint = {hep-th/9411020},
	Journal = {Nucl. Phys. Proc. Suppl.},
	Pages = {245-275},
	Primaryclass = {hep-th},
	Reportnumber = {NSF-ITP-94-109},
	Slaccitation = {%%CITATION = HEP-TH/9411020;%%},
	Title = {{Black hole evolution}},
	Volume = {41},
	Year = {1995},
	Bdsk-Url-1 = {https://doi.org/10.1016/0920-5632(95)00435-C}}

@book{Polchinski:1998rq,
	Author = {Polchinski, J.},
	Doi = {10.1017/CBO9780511816079},
	Isbn = {9780511252273, 9780521672276, 9780521633031},
	Publisher = {Cambridge University Press},
	Series = {Cambridge Monographs on Mathematical Physics},
	Slaccitation = {%%CITATION = INSPIRE-487240;%%},
	Title = {{String theory. Vol. 1: An introduction to the bosonic string}},
	Year = {2007},
	Bdsk-Url-1 = {https://doi.org/10.1017/CBO9780511816079}}

@article{Fiola:1994ir,
	Archiveprefix = {arXiv},
	Author = {Fiola, Thomas M. and Preskill, John and Strominger, Andrew and Trivedi, Sandip P.},
	Doi = {10.1103/PhysRevD.50.3987},
	Eprint = {hep-th/9403137},
	Journal = {Phys. Rev.},
	Pages = {3987-4014},
	Primaryclass = {hep-th},
	Reportnumber = {CALT-68-1918},
	Slaccitation = {%%CITATION = HEP-TH/9403137;%%},
	Title = {{Black hole thermodynamics and information loss in two-dimensions}},
	Volume = {D50},
	Year = {1994},
	Bdsk-Url-1 = {https://doi.org/10.1103/PhysRevD.50.3987}}
