@article{Pearle:1988uh,
    author = "Pearle, Philip M.",
    title = "{Combining Stochastic Dynamical State Vector Reduction With Spontaneous Localization}",
    reportNumber = "IC/88/99",
    doi = "10.1103/PhysRevA.39.2277",
    journal = "Phys. Rev. A",
    volume = "39",
    pages = "2277--2289",
    year = "1989"
}

@article{Ghirardi:1989cn,
    author = "Ghirardi, Gian Carlo and Pearle, Philip M. and Rimini, Alberto",
    title = "{Markov Processes in Hilbert Space and Continuous Spontaneous Localization of Systems of Identical Particles}",
    reportNumber = "IC-89-44",
    doi = "10.1103/PhysRevA.42.78",
    journal = "Phys. Rev. A",
    volume = "42",
    pages = "78--79",
    year = "1990"
}

@article{Ghirardi:1985mt,
    author = "Ghirardi, G.C. and Rimini, A. and Weber, T.",
    title = "{A Unified Dynamics for Micro and MACRO Systems}",
    reportNumber = "IC/85/292",
    doi = "10.1103/PhysRevD.34.470",
    journal = "Phys. Rev. D",
    volume = "34",
    pages = "470",
    year = "1986"
}

@article{vinante2016upper,
  title={Upper bounds on spontaneous wave-function collapse models using millikelvin-cooled nanocantilevers},
  author={Vinante, A and Bahrami, Mohammad and Bassi, Angelo and Usenko, O and Wijts, GHCJ and Oosterkamp, TH},
  journal={Physical Review Letters},
  volume={116},
  number={9},
  pages={090402},
  year={2016},
      eprint         = "1510.05791",
      archivePrefix  = "arXiv",
      primaryClass   = "quant-ph",
  publisher={APS}
}

@article{Pearle:2000qb,
      author         = "Pearle, Philip M.",
      title          = "{Wave function collapse and conservation laws}",
      journal        = "Found. Phys.",
      volume         = "30",
      year           = "2000",
      pages          = "1145-1160",
      doi            = "10.1023/A:1003677103804",
      eprint         = "quant-ph/0004067",
      archivePrefix  = "arXiv",
      primaryClass   = "quant-ph",
      SLACcitation   = "%%CITATION = QUANT-PH/0004067;%%"
}

@article{hartle1995conservation,
  title={Conservation laws in the quantum mechanics of closed systems},
  author={Hartle, James B and Laflamme, Raymond and Marolf, Donald},
  journal={Physical Review D},
  volume={51},
  number={12},
  pages={7007},
  year={1995},
  eprint = "gr-qc/9410006",
  archivePrefix = "arXiv",
  primaryClass = "gr-qc",
  publisher={APS}
}

@misc{Griffiths,
  author = "Griffiths, Robert",
  howpublished = "unpublished"
}

@article{Boddy:2014eba,
    author = "Boddy, Kimberly K. and Carroll, Sean M. and Pollack, Jason",
    title = "{De Sitter Space Without Dynamical Quantum Fluctuations}",
    eprint = "1405.0298",
    archivePrefix = "arXiv",
    primaryClass = "hep-th",
    reportNumber = "CALT-68-2878",
    doi = "10.1007/s10701-016-9996-8",
    journal = "Found. Phys.",
    volume = "46",
    number = "6",
    pages = "702--735",
    year = "2016"
}

@article{Lloyd:2016ahu,
    author = "Lloyd, Seth",
    title = "{Decoherent histories approach to the cosmological measure problem}",
    eprint = "1608.05672",
    archivePrefix = "arXiv",
    primaryClass = "quant-ph",
    month = "8",
    year = "2016"
}

@article{duerr2009bohmian,
    title={Bohmian Mechanics},
    author={Detlef Duerr and Sheldon Goldstein and Roderich Tumulka and Nino Zanghi},
    year={2009},
    eprint={0903.2601},
    archivePrefix={arXiv},
    primaryClass={quant-ph}
}

@ARTICLE{2016arXiv160905041A,
       author = {{Aharonov}, Yakir and {Popescu}, Sandu and {Rohrlich}, Daniel},
        title = "{On conservation laws in quantum mechanics}",
      journal = {arXiv e-prints},
     keywords = {Quantum Physics},
         year = "2016",
        month = "Sep",
          eid = {arXiv:1609.05041},
        pages = {arXiv:1609.05041},
archivePrefix = {arXiv},
       eprint = {1609.05041},
 primaryClass = {quant-ph},
       adsurl = {https://ui.adsabs.harvard.edu/abs/2016arXiv160905041A},
      adsnote = {Provided by the SAO/NASA Astrophysics Data System}
}


@article{leifer2014quantum,
  title={Is the quantum state real? An extended review of $\psi$-ontology theorems},
  author={Leifer, Matthew Saul},
  journal ="Quanta",
  volume = "3(1)",
  pages = "67",
  eprint={arXiv:1409.1570},
  year={2014}
}

@book{Gao:2016cmq,
      author         = "Gao, Shan",
      title          = "{The Meaning of the Wave Function}",
      publisher      = "Cambridge University Press",
      year           = "2018",
      url            = "http://www.cambridge.org/academic/subjects/physics/history-philosophy-and-foundations-physics/meaning-wave-function-search-ontology-quantum-mechanics?format=HB&isbn=9781107124356",
      doi            = "10.1017/9781316407479",
      eprint         = "1611.02738",
      archivePrefix  = "arXiv",
      primaryClass   = "quant-ph",
      ISBN           = "9781107124356, 9781108156530, 9781108464239",
      SLACcitation   = "%%CITATION = ARXIV:1611.02738;%%"
}

@article{Maudlin:2019bje,
      author         = "Maudlin, Tim and Okon, Elias and Sudarsky, Daniel",
      title          = "{On the Status of Conservation Laws in Physics:
                        Implications for Semiclassical Gravity}",
      year           = "2019",
      eprint         = "1910.06473",
      archivePrefix  = "arXiv",
      primaryClass   = "gr-qc",
      SLACcitation   = "%%CITATION = ARXIV:1910.06473;%%"
}

@article{Everett:1957hd,
      author         = "Everett, Hugh",
      title          = "{Relative state formulation of quantum mechanics}",
      journal        = "Rev. Mod. Phys.",
      volume         = "29",
      year           = "1957",
      pages          = "454-462",
      doi            = "10.1103/RevModPhys.29.454",
      SLACcitation   = "%%CITATION = RMPHA,29,454;%%"
}

@book{Wallace:2012zla,
      author         = "Wallace, David",
      title          = "{The emergent multiverse: quantum theory according to the
                        Everett Interpretation}",
      publisher      = "Oxford University Press",
      address        = "Oxford",
      year           = "2012",
      url            = "http://www-spires.fnal.gov/spires/find/books/www?cl=QC174.12.W348::2012",
      ISBN           = "9780199546961",
      SLACcitation   = "%%CITATION = INSPIRE-1325271;%%"
}

@article{Polchinski:1990py,
      author         = "Polchinski, Joseph",
      title          = "{Weinberg's nonlinear quantum mechanics and the EPR
                        paradox}",
      journal        = "Phys. Rev. Lett.",
      volume         = "66",
      year           = "1991",
      pages          = "397-400",
      doi            = "10.1103/PhysRevLett.66.397",
      reportNumber   = "NSF-ITP-90-101, UTTG-21-90",
      SLACcitation   = "%%CITATION = PRLTA,66,397;%%"
}

@article{Halliwell:2002th,
    author = "Halliwell, J.J. and Thorwart, J.",
    archivePrefix = "arXiv",
    doi = "10.1103/PhysRevD.65.104009",
    eprint = "gr-qc/0201070",
    journal = "Phys. Rev. D",
    pages = "104009",
    reportNumber = "IC-TP-1-02-13",
    title = "{Life in an energy eigenstate: Decoherent histories analysis of a model timeless universe}",
    volume = "65",
    year = "2002"
}

@misc{gammap, title={CODATA Value: proton gyromagnetic ratio}, url={https://physics.nist.gov/cgi-bin/cuu/Value?gammap}, journal={The NIST Reference on Constants, Units, and Uncertainty}, publisher={NIST}}

@book{levitt2015, place={Chichester}, title={Spin dynamics: basics of nuclear magnetic resonance}, publisher={Wiley}, author={Levitt, Malcolm H.}, year={2015}}
@misc{gamman, title={CODATA Value: neutron gyromagnetic ratio}, url={https://physics.nist.gov/cgi-bin/cuu/Value?gamman}, journal={The NIST Reference on Constants, Units, and Uncertainty}, publisher={NIST}}

@ARTICLE{2019arXiv190706354S,
       author = {{So{\l}tan}, Stanis{\l}aw and {Fr{\k{a}}czak}, Mateusz and
         {Belzig}, Wolfgang and {Bednorz}, Adam},
        title = "{Is energy conserved when nobody looks?}",
      journal = {arXiv e-prints},
     keywords = {Quantum Physics},
         year = 2019,
        month = jul,
          eid = {arXiv:1907.06354},
        pages = {arXiv:1907.06354},
archivePrefix = {arXiv},
       eprint = {1907.06354},
 primaryClass = {quant-ph},
       adsurl = {https://ui.adsabs.harvard.edu/abs/2019arXiv190706354S},
      adsnote = {Provided by the SAO/NASA Astrophysics Data System}
}