@INPROCEEDINGS{Llinares2010,
       author = {{Llinares}, C. and {Knebe}, A. and {Zhao}, H.},
        title = "{Cosmological structure formation under MOND. A new numerical solver for the Poisson's equation}",
    booktitle = {EAS Publications Series},
         year = "2010",
       series = {EAS Publications Series},
       volume = {44},
        month = "Jan",
        pages = {57-60},
          doi = {10.1051/eas/1044010},
       adsurl = {https://ui.adsabs.harvard.edu/abs/2010EAS....44...57L},
      adsnote = {Provided by the SAO/NASA Astrophysics Data System}
}

@article{Aprile2019,
  title = {Light Dark Matter Search with Ionization Signals in XENON1T},
  author = {Aprile, E. and Aalbers, J. and Agostini, F. and Alfonsi, M. and Althueser, L. and Amaro, F. D. and Antochi, V. C. and Angelino, E. and Arneodo, F. and Barge, D. and Baudis, L. and Bauermeister, B. and Bellagamba, L. and Benabderrahmane, M. L. and Berger, T. and Breur, P. A. and Brown, A. and Brown, E. and Bruenner, S. and Bruno, G. and Budnik, R. and Capelli, C. and Cardoso, J. M. R. and Cichon, D. and Coderre, D. and Colijn, A. P. and Conrad, J. and Cussonneau, J. P. and Decowski, M. P. and de Perio, P. and Depoian, A. and Di Gangi, P. and Di Giovanni, A. and Diglio, S. and Elykov, A. and Eurin, G. and Fei, J. and Ferella, A. D. and Fieguth, A. and Fulgione, W. and Gaemers, P. and Gallo Rosso, A. and Galloway, M. and Gao, F. and Garbini, M. and Grandi, L. and Greene, Z. and Hasterok, C. and Hils, C. and Hogenbirk, E. and Howlett, J. and Iacovacci, M. and Itay, R. and Joerg, F. and Kazama, S. and Kish, A. and Kobayashi, M. and Koltman, G. and Kopec, A. and Landsman, H. and Lang, R. F. and Levinson, L. and Lin, Q. and Lindemann, S. and Lindner, M. and Lombardi, F. and Lopes, J. A. M. and L\'opez Fune, E. and Macolino, C. and Mahlstedt, J. and Manfredini, A. and Marignetti, F. and Marrod\'an Undagoitia, T. and Masbou, J. and Mastroianni, S. and Messina, M. and Micheneau, K. and Miller, K. and Molinario, A. and Mor\aa{}, K. and Mosbacher, Y. and Murra, M. and Naganoma, J. and Ni, K. and Oberlack, U. and Odgers, K. and Palacio, J. and Pelssers, B. and Peres, R. and Pienaar, J. and Pizzella, V. and Plante, G. and Podviianiuk, R. and Qin, J. and Qiu, H. and Ram\'{\i}rez Garc\'{\i}a, D. and Reichard, S. and Riedel, B. and Rocchetti, A. and Rupp, N. and dos Santos, J. M. F. and Sartorelli, G. and \ifmmode \check{S}\else \v{S}\fi{}ar\ifmmode \check{c}\else \v{c}\fi{}evi\ifmmode \acute{c}\else \'{c}\fi{}, N. and Scheibelhut, M. and Schindler, S. and Schreiner, J. and Schulte, D. and Schumann, M. and Scotto Lavina, L. and Selvi, M. and Shagin, P. and Shockley, E. and Silva, M. and Simgen, H. and Therreau, C. and Thers, D. and Toschi, F. and Trinchero, G. and Tunnell, C. and Upole, N. and Vargas, M. and Volta, G. and Wack, O. and Wang, H. and Wei, Y. and Weinheimer, C. and Wenz, D. and Wittweg, C. and Wulf, J. and Ye, J. and Zhang, Y. and Zhu, T. and Zopounidis, J. P.},
  collaboration = {XENON Collaboration},
  journal = {Phys. Rev. Lett.},
  volume = {123},
  issue = {25},
  pages = {251801},
  numpages = {8},
  year = {2019},
  month = {Dec},
  publisher = {American Physical Society},
  doi = {10.1103/PhysRevLett.123.251801},
  url = {https://link.aps.org/doi/10.1103/PhysRevLett.123.251801}
}
@ARTICLE{Ostriker1974,
       author = {{Ostriker}, J.~P. and {Peebles}, P.~J.~E. and {Yahil}, A.},
        title = "{The Size and Mass of Galaxies, and the Mass of the Universe}",
      journal = {\apjl},
     keywords = {Cosmology, Size Determination, Spiral Galaxies, Density Distribution, Galactic Structure, Mass, Mass Ratios, Stellar Luminosity, Astrophysics},
         year = "1974",
        month = "Oct",
       volume = {193},
        pages = {L1},
          doi = {10.1086/181617},
       adsurl = {https://ui.adsabs.harvard.edu/abs/1974ApJ...193L...1O},
      adsnote = {Provided by the SAO/NASA Astrophysics Data System}
}
@ARTICLE{Einasto1974,
       author = {{Einasto}, Jaan and {Kaasik}, Ants and {Saar}, Enn},
        title = "{Dynamic evidence on massive coronas of galaxies}",
      journal = {\nat},
         year = "1974",
        month = "Jul",
       volume = {250},
       number = {5464},
        pages = {309-310},
          doi = {10.1038/250309a0},
       adsurl = {https://ui.adsabs.harvard.edu/abs/1974Natur.250..309E},
      adsnote = {Provided by the SAO/NASA Astrophysics Data System}
}
@BOOK{Will1993,
       author = {{Will}, Clifford M.},
        title = "{Theory and Experiment in Gravitational Physics}",
         year = "1993",
         publisher = "Cambridge University Press",
       adsurl = {https://ui.adsabs.harvard.edu/abs/1993tegp.book.....W},
      adsnote = {Provided by the SAO/NASA Astrophysics Data System}
}
@ARTICLE{Gerhard1992,
       author = {{Gerhard}, Ortwin E. and {Spergel}, David N.},
        title = "{Dwarf Spheroidal Galaxies and Non-Newtonian Gravity}",
      journal = {\apj},
     keywords = {Dark Matter, Dwarf Galaxies, Elliptical Galaxies, Galactic Clusters, Mass To Light Ratios, Galactic Evolution, Gravitation Theory, Kinematics, Metallicity, Astrophysics, COSMOLOGY: DARK MATTER, GALAXIES: ELLIPTICAL AND LENTICULAR, CD, GALAXIES: KINEMATICS AND DYNAMICS, GRAVITATION},
         year = "1992",
        month = "Sep",
       volume = {397},
        pages = {38},
          doi = {10.1086/171763},
       adsurl = {https://ui.adsabs.harvard.edu/abs/1992ApJ...397...38G},
      adsnote = {Provided by the SAO/NASA Astrophysics Data System}
}
@ARTICLE{Abbott2017,
       author = {{Abbott}, B.~P.  {\it et al.}},
        title = "{Gravitational Waves and Gamma-Rays from a Binary Neutron Star Merger: GW170817 and GRB 170817A}",
      journal = {\apjl},
     keywords = {binaries: close, gamma-ray burst: general, gravitational waves, Astrophysics - High Energy Astrophysical Phenomena, General Relativity and Quantum Cosmology},
         year = "2017",
        month = "Oct",
       volume = {848},
       number = {2},
          eid = {L13},
        pages = {L13},
          doi = {10.3847/2041-8213/aa920c},
archivePrefix = {arXiv},
       eprint = {1710.05834},
 primaryClass = {astro-ph.HE},
       adsurl = {https://ui.adsabs.harvard.edu/abs/2017ApJ...848L..13A},
      adsnote = {Provided by the SAO/NASA Astrophysics Data System}
}



@ARTICLE{LIGOGRTests2019,
       author = {{Abbott}, B.~P.  {\it et al.}},
        title = "{Tests of General Relativity with GW170817}",
      journal = {\prl},
     keywords = {General Relativity and Quantum Cosmology},
         year = "2019",
        month = "Jul",
       volume = {123},
       number = {1},
          eid = {011102},
        pages = {011102},
          doi = {10.1103/PhysRevLett.123.011102},
archivePrefix = {arXiv},
       eprint = {1811.00364},
 primaryClass = {gr-qc},
       adsurl = {https://ui.adsabs.harvard.edu/abs/2019PhRvL.123a1102A},
      adsnote = {Provided by the SAO/NASA Astrophysics Data System}
}

@ARTICLE{Llinares2008,
       author = {{Llinares}, Claudio and {Knebe}, Alexander and {Zhao}, Hongsheng},
        title = "{Cosmological structure formation under MOND: a new numerical solver for Poisson's equation}",
      journal = {\mnras},
     keywords = {methods: N-body simulations, Galaxy: formation, cosmology: theory, dark matter, large-scale structure of Universe, Astrophysics},
         year = "2008",
        month = "Dec",
       volume = {391},
       number = {4},
        pages = {1778-1790},
          doi = {10.1111/j.1365-2966.2008.13961.x},
archivePrefix = {arXiv},
       eprint = {0809.2899},
 primaryClass = {astro-ph},
       adsurl = {https://ui.adsabs.harvard.edu/abs/2008MNRAS.391.1778L},
      adsnote = {Provided by the SAO/NASA Astrophysics Data System}
}



@ARTICLE{Ishak2019,
       author = {{Ishak}, Mustapha},
        title = "{Testing general relativity in cosmology}",
      journal = {Living Reviews in Relativity},
     keywords = {Tests of relativistic gravity, Theories of gravity, Modified gravity, Cosmological tests, Post-Friedmann limit, Gravitational waves, Astrophysics - Cosmology and Nongalactic Astrophysics, Astrophysics - Astrophysics of Galaxies, General Relativity and Quantum Cosmology},
         year = "2019",
        month = "Dec",
       volume = {22},
       number = {1},
          eid = {1},
        pages = {1},
          doi = {10.1007/s41114-018-0017-4},
archivePrefix = {arXiv},
       eprint = {1806.10122},
 primaryClass = {astro-ph.CO},
       adsurl = {https://ui.adsabs.harvard.edu/abs/2019LRR....22....1I},
      adsnote = {Provided by the SAO/NASA Astrophysics Data System}
}



@ARTICLE{Pardo2018,
       author = {{Pardo}, Kris and {Fishbach}, Maya and {Holz}, Daniel E. and
         {Spergel}, David N.},
        title = "{Limits on the number of spacetime dimensions from GW170817}",
      journal = {\jcap},
     keywords = {General Relativity and Quantum Cosmology, Astrophysics - Cosmology and Nongalactic Astrophysics},
         year = "2018",
        month = "Jul",
       volume = {2018},
       number = {7},
          eid = {048},
        pages = {048},
          doi = {10.1088/1475-7516/2018/07/048},
archivePrefix = {arXiv},
       eprint = {1801.08160},
 primaryClass = {gr-qc},
       adsurl = {https://ui.adsabs.harvard.edu/abs/2018JCAP...07..048P},
      adsnote = {Provided by the SAO/NASA Astrophysics Data System}
}



@ARTICLE{Angus2009,
       author = {{Angus}, G.~W.},
        title = "{Is an 11eV sterile neutrino consistent with clusters, the cosmic microwave background and modified Newtonian dynamics?}",
      journal = {\mnras},
     keywords = {gravitation, neutrinos, cosmic microwave background, Astrophysics},
         year = "2009",
        month = "Mar",
       volume = {394},
       number = {1},
        pages = {527-532},
          doi = {10.1111/j.1365-2966.2008.14341.x},
archivePrefix = {arXiv},
       eprint = {0805.4014},
 primaryClass = {astro-ph},
       adsurl = {https://ui.adsabs.harvard.edu/abs/2009MNRAS.394..527A},
      adsnote = {Provided by the SAO/NASA Astrophysics Data System}
}




@ARTICLE{Natarajan2008,
       author = {{Natarajan}, Priyamvada and {Zhao}, Hongsheng},
        title = "{MOND plus classical neutrinos are not enough for cluster lensing}",
      journal = {\mnras},
     keywords = {cosmology: theory, dark matter, large-scale structure of Universe, Astrophysics},
         year = "2008",
        month = "Sep",
       volume = {389},
       number = {1},
        pages = {250-256},
          doi = {10.1111/j.1365-2966.2008.13552.x},
archivePrefix = {arXiv},
       eprint = {0806.3080},
 primaryClass = {astro-ph},
       adsurl = {https://ui.adsabs.harvard.edu/abs/2008MNRAS.389..250N},
      adsnote = {Provided by the SAO/NASA Astrophysics Data System}
}


@ARTICLE{Nusser2002,
       author = {{Nusser}, Adi},
        title = "{Modified Newtonian dynamics of large-scale structure}",
      journal = {\mnras},
     keywords = {gravitation, cosmology: observations, cosmology: theory, dark matter, large-scale structure of Universe, Astrophysics},
         year = "2002",
        month = "Apr",
       volume = {331},
       number = {4},
        pages = {909-916},
          doi = {10.1046/j.1365-8711.2002.05235.x},
archivePrefix = {arXiv},
       eprint = {astro-ph/0109016},
 primaryClass = {astro-ph},
       adsurl = {https://ui.adsabs.harvard.edu/abs/2002MNRAS.331..909N},
      adsnote = {Provided by the SAO/NASA Astrophysics Data System}
}




@PHDTHESIS{BosmaPhD,
       author = {{Bosma}, A.},
        title = "{The distribution and kinematics of neutral hydrogen in spiral galaxies of various morphological types}",
     keywords = {NEUTRAL HYDROGEN, GAS DISTRIBUTION, SPIRAL GALAXIES, NEUTRAL HYDROGEN, GAS DISTRIBUTION, SPIRAL GALAXIES},
       school = {-},
         year = "1978",
        month = "Jan",
       adsurl = {https://ui.adsabs.harvard.edu/abs/1978PhDT.......195B},
      adsnote = {Provided by the SAO/NASA Astrophysics Data System}
}


@ARTICLE{Tyson1990,
       author = {{Tyson}, J.~A. and {Valdes}, F. and {Wenk}, R.~A.},
        title = "{Detection of Systematic Gravitational Lens Galaxy Image Alignments: Mapping Dark Matter in Galaxy Clusters}",
      journal = {\apjl},
     keywords = {Dark Matter, Galactic Clusters, Gravitational Lenses, Brightness Distribution, Charge Coupled Devices, Faint Objects, Red Shift, Spatial Distribution, Astrophysics, COSMOLOGY, DARK MATTER, GALAXIES: CLUSTERING, GALAXIES: REDSHIFTS, GRAVITATION},
         year = "1990",
        month = "Jan",
       volume = {349},
        pages = {L1},
          doi = {10.1086/185636},
       adsurl = {https://ui.adsabs.harvard.edu/abs/1990ApJ...349L...1T},
      adsnote = {Provided by the SAO/NASA Astrophysics Data System}
}
@ARTICLE{Rubin1978,
       author = {{Rubin}, V.~C. and {Ford}, W.~K., Jr. and {Thonnard}, N.},
        title = "{Extended rotation curves of high-luminosity spiral galaxies. IV. Systematic dynamical properties, Sa -\&gt; Sc.}",
      journal = {\apjl},
     keywords = {Angular Velocity, Galactic Rotation, Galactic Structure, Luminous Intensity, Spiral Galaxies, Astrodynamics, Astronomical Models, Curves (Geometry), Galactic Radiation, Astrophysics, Spiral Galaxies:Internal Motions, Spiral Galaxies: Structure},
         year = "1978",
        month = "Nov",
       volume = {225},
        pages = {L107-L111},
          doi = {10.1086/182804},
       adsurl = {https://ui.adsabs.harvard.edu/abs/1978ApJ...225L.107R},
      adsnote = {Provided by the SAO/NASA Astrophysics Data System}
}



@ARTICLE{Wittman2000,
       author = {{Wittman}, David M. and {Tyson}, J. Anthony and {Kirkman}, David and
         {Dell'Antonio}, Ian and {Bernstein}, Gary},
        title = "{Detection of weak gravitational lensing distortions of distant galaxies by cosmic dark matter at large scales}",
      journal = {\nat},
     keywords = {Astrophysics},
         year = "2000",
        month = "May",
       volume = {405},
       number = {6783},
        pages = {143-148},
          doi = {10.1038/35012001},
archivePrefix = {arXiv},
       eprint = {astro-ph/0003014},
 primaryClass = {astro-ph},
       adsurl = {https://ui.adsabs.harvard.edu/abs/2000Natur.405..143W},
      adsnote = {Provided by the SAO/NASA Astrophysics Data System}
}




@ARTICLE{Peebles1984,
       author = {{Peebles}, P.~J.~E.},
        title = "{Tests of cosmological models constrained by inflation}",
      journal = {\apj},
     keywords = {Astronomical Models, Cosmology, Adiabatic Conditions, Density Distribution, Galactic Evolution, Perturbation Theory, Astrophysics},
         year = "1984",
        month = "Sep",
       volume = {284},
        pages = {439-444},
          doi = {10.1086/162425},
       adsurl = {https://ui.adsabs.harvard.edu/abs/1984ApJ...284..439P},
      adsnote = {Provided by the SAO/NASA Astrophysics Data System}
}
@ARTICLE{Zwicky1933,
       author = {{Zwicky}, F.},
        title = "{Die Rotverschiebung von extragalaktischen Nebeln}",
      journal = {Helvetica Physica Acta},
         year = "1933",
        month = "Jan",
       volume = {6},
        pages = {110-127},
       adsurl = {https://ui.adsabs.harvard.edu/abs/1933AcHPh...6..110Z},
      adsnote = {Provided by the SAO/NASA Astrophysics Data System}
}




@ARTICLE{Zaldarriaga1997,
       author = {{Zaldarriaga}, Mat{\'\i}as and {Harari}, Diego D.},
        title = "{Analytic approach to the polarization of the cosmic microwave background in flat and open universes}",
      journal = {\prd},
     keywords = {98.70.Vc, 98.80.Es, Background radiations, Observational cosmology, Astrophysics, General Relativity and Quantum Cosmology},
         year = "1995",
        month = "Sep",
       volume = {52},
       number = {6},
        pages = {3276-3287},
          doi = {10.1103/PhysRevD.52.3276},
archivePrefix = {arXiv},
       eprint = {astro-ph/9504085},
 primaryClass = {astro-ph},
       adsurl = {https://ui.adsabs.harvard.edu/abs/1995PhRvD..52.3276Z},
      adsnote = {Provided by the SAO/NASA Astrophysics Data System}
}

@ARTICLE{Swaters2010,
       author = {{Swaters}, R.~A. and {Sanders}, R.~H. and {McGaugh}, S.~S.},
        title = "{Testing Modified Newtonian Dynamics with Rotation Curves of Dwarf and Low Surface Brightness Galaxies}",
      journal = {\apj},
     keywords = {galaxies: dwarf, galaxies: kinematics and dynamics, Astrophysics - Cosmology and Nongalactic Astrophysics},
         year = "2010",
        month = "Jul",
       volume = {718},
       number = {1},
        pages = {380-391},
          doi = {10.1088/0004-637X/718/1/380},
archivePrefix = {arXiv},
       eprint = {1005.5456},
 primaryClass = {astro-ph.CO},
       adsurl = {https://ui.adsabs.harvard.edu/abs/2010ApJ...718..380S},
      adsnote = {Provided by the SAO/NASA Astrophysics Data System}
}

@ARTICLE{Spergel1997,
       author = {{Spergel}, David N. and {Zaldarriaga}, Matias},
        title = "{Cosmic Microwave Background Polarization as a Direct Test of Inflation}",
      journal = {\prl},
     keywords = {Astrophysics},
         year = "1997",
        month = "Sep",
       volume = {79},
       number = {12},
        pages = {2180-2183},
          doi = {10.1103/PhysRevLett.79.2180},
archivePrefix = {arXiv},
       eprint = {astro-ph/9705182},
 primaryClass = {astro-ph},
       adsurl = {https://ui.adsabs.harvard.edu/abs/1997PhRvL..79.2180S},
      adsnote = {Provided by the SAO/NASA Astrophysics Data System}
}


@ARTICLE{Tegmark2004,
       author = {{Tegmark}, Max and {Strauss}, Michael A. and {Blanton}, Michael R. and
         {Abazajian}, Kevork and {Dodelson}, Scott and {Sandvik}, Havard and
         {Wang}, Xiaomin and {Weinberg}, David H. and {Zehavi}, Idit and
         {Bahcall}, Neta A.},
        title = "{Cosmological parameters from SDSS and WMAP}",
      journal = {\prd},
     keywords = {98.80.Es, Observational cosmology, Astrophysics, High Energy Physics - Phenomenology, High Energy Physics - Theory},
         year = "2004",
        month = "May",
       volume = {69},
       number = {10},
          eid = {103501},
        pages = {103501},
          doi = {10.1103/PhysRevD.69.103501},
archivePrefix = {arXiv},
       eprint = {astro-ph/0310723},
 primaryClass = {astro-ph},
       adsurl = {https://ui.adsabs.harvard.edu/abs/2004PhRvD..69j3501T},
      adsnote = {Provided by the SAO/NASA Astrophysics Data System}
}

@ARTICLE{Rubin1980,
       author = {{Rubin}, V.~C. and {Ford}, W.~K., Jr. and {Thonnard}, N.},
        title = "{Rotational properties of 21 SC galaxies with a large range of luminosities and radii, from NGC 4605 (R=4kpc) to UGC 2885 (R=122kpc).}",
      journal = {\apj},
     keywords = {Astronomical Spectroscopy, Galactic Evolution, Galactic Rotation, Galaxies, Stellar Luminosity, Dynamic Characteristics, Galactic Nuclei, Morphology, Radial Velocity, Radii, Astrophysics},
         year = "1980",
        month = "Jun",
       volume = {238},
        pages = {471-487},
          doi = {10.1086/158003},
       adsurl = {https://ui.adsabs.harvard.edu/abs/1980ApJ...238..471R},
      adsnote = {Provided by the SAO/NASA Astrophysics Data System}
}

@ARTICLE{Aprile2018,
       author = {{Aprile}, E. and others},
       collaboration = {Xenon Collaboration},
        title = "{Dark Matter Search Results from a One Ton-Year Exposure of XENON1T}",
      journal = {\prl},
     keywords = {Astrophysics - Cosmology and Nongalactic Astrophysics, Astrophysics - Instrumentation and Methods for Astrophysics, High Energy Physics - Experiment, High Energy Physics - Phenomenology, Physics - Instrumentation and Detectors},
         year = "2018",
        month = "Sep",
       volume = {121},
       number = {11},
          eid = {111302},
        pages = {111302},
          doi = {10.1103/PhysRevLett.121.111302},
archivePrefix = {arXiv},
       eprint = {1805.12562},
 primaryClass = {astro-ph.CO},
       adsurl = {https://ui.adsabs.harvard.edu/abs/2018PhRvL.121k1302A},
      adsnote = {Provided by the SAO/NASA Astrophysics Data System}
}

@article{Akerib2017,
  title = {Results from a Search for Dark Matter in the Complete LUX Exposure},
  author = {Akerib, D. S. and others},
  collaboration = {LUX Collaboration},
  journal = {Phys. Rev. Lett.},
  volume = {118},
  issue = {2},
  pages = {021303},
  numpages = {8},
  year = {2017},
  month = {Jan},
  publisher = {American Physical Society},
  doi = {10.1103/PhysRevLett.118.021303},
  url = {https://link.aps.org/doi/10.1103/PhysRevLett.118.021303}
}

@article{Cui2017,
  title = {Dark Matter Results from 54-Ton-Day Exposure of PandaX-II Experiment},
  author = {Cui, Xiangyi and others},
  collaboration = {PandaX-II Collaboration},
  journal = {Phys. Rev. Lett.},
  volume = {119},
  issue = {18},
  pages = {181302},
  numpages = {7},
  year = {2017},
  month = {Oct},
  publisher = {American Physical Society},
  doi = {10.1103/PhysRevLett.119.181302},
  url = {https://link.aps.org/doi/10.1103/PhysRevLett.119.181302}
}


@ARTICLE{Milgrom1983,
       author = {{Milgrom}, M.},
        title = "{A modification of the Newtonian dynamics as a possible alternative to the hidden mass hypothesis.}",
      journal = {\apj},
     keywords = {Cosmology, Galactic Structure, Nonrelativistic Mechanics, Stellar Motions, Particle Acceleration, Solar System, Astrophysics},
         year = "1983",
        month = "Jul",
       volume = {270},
        pages = {365-370},
          doi = {10.1086/161130},
       adsurl = {https://ui.adsabs.harvard.edu/abs/1983ApJ...270..365M},
      adsnote = {Provided by the SAO/NASA Astrophysics Data System}
}

@ARTICLE{Lifshitz1946,
       author = {{Lifshitz}, E.~M.},
        title = "{On the gravitational stability of the expanding universe}",
      journal = {Zhurnal Eksperimentalnoi i Teoreticheskoi Fiziki},
         year = "1946",
        month = "Jan",
       volume = {16},
        pages = {587-602},
       adsurl = {https://ui.adsabs.harvard.edu/abs/1946ZhETF..16..587L},
      adsnote = {Provided by the SAO/NASA Astrophysics Data System}
}

@ARTICLE{Peebles1970,
       author = {{Peebles}, P.~J.~E. and {Yu}, J.~T.},
        title = "{Primeval Adiabatic Perturbation in an Expanding Universe}",
      journal = {\apj},
         year = "1970",
        month = "Dec",
       volume = {162},
        pages = {815},
          doi = {10.1086/150713},
       adsurl = {https://ui.adsabs.harvard.edu/abs/1970ApJ...162..815P},
      adsnote = {Provided by the SAO/NASA Astrophysics Data System}
}

@ARTICLE{Bond1987,
       author = {{Bond}, J.~R. and {Efstathiou}, G.},
        title = "{The statistics of cosmic background radiation fluctuations}",
      journal = {\mnras},
     keywords = {Computational Astrophysics, Cosmology, Radiation Distribution, Relic Radiation, Statistical Analysis, Angular Correlation, Anisotropy, Correlation, Dark Matter, Power Spectra, Space Radiation},
         year = 1987,
        month = jun,
       volume = {226},
        pages = {655-687},
          doi = {10.1093/mnras/226.3.655},
       adsurl = {https://ui.adsabs.harvard.edu/abs/1987MNRAS.226..655B},
      adsnote = {Provided by the SAO/NASA Astrophysics Data System}
}


@ARTICLE{Planck2019,
       author = {{Planck Collaboration} and {Aghanim}, N. and {Akrami}, Y. and
         {Ashdown}, M. and others},
        title = "{Planck 2018 results. V. CMB power spectra and likelihoods}",
      journal = {arXiv e-prints},
     keywords = {Astrophysics - Cosmology and Nongalactic Astrophysics},
         year = "2019",
        month = "Jul",
          eid = {arXiv:1907.12875},
        pages = {arXiv:1907.12875},
archivePrefix = {arXiv},
       eprint = {1907.12875},
 primaryClass = {astro-ph.CO},
       adsurl = {https://ui.adsabs.harvard.edu/abs/2019arXiv190712875P},
      adsnote = {Provided by the SAO/NASA Astrophysics Data System}
}

@ARTICLE{Beutler2016,
       author = {{Beutler}, Florian and {Blake}, Chris and {Koda}, Jun and
         {Mar{\'\i}n}, Felipe A. and {Seo}, Hee-Jong and {Cuesta}, Antonio J. and
         {Schneider}, Donald P.},
        title = "{The BOSS-WiggleZ overlap region - I. Baryon acoustic oscillations}",
      journal = {\mnras},
     keywords = {surveys, cosmology: observations, dark energy, distance scale, large-scale structure of Universe, Astrophysics - Cosmology and Nongalactic Astrophysics},
         year = "2016",
        month = "Jan",
       volume = {455},
       number = {3},
        pages = {3230-3248},
          doi = {10.1093/mnras/stv1943},
archivePrefix = {arXiv},
       eprint = {1506.03900},
 primaryClass = {astro-ph.CO},
       adsurl = {https://ui.adsabs.harvard.edu/abs/2016MNRAS.455.3230B},
      adsnote = {Provided by the SAO/NASA Astrophysics Data System}
}

@ARTICLE{Salazar2017,
       author = {{Salazar-Albornoz}, Salvador and {S{\'a}nchez}, Ariel G. and
         {Grieb}, Jan Niklas and {Crocce}, Martin and {Scoccimarro}, Roman and
         {Alam}, Shadab and {Beutler}, Florian and {Brownstein}, Joel R. and
         {Chuang}, Chia-Hsun and {Kitaura}, Francisco-Shu and
         {Olmstead}, Matthew D. and {Percival}, Will J. and {Prada}, Francisco and
         {Rodr{\'\i}guez-Torres}, Sergio and {Samushia}, Lado and
         {Tinker}, Jeremy and {Thomas}, Daniel and {Tojeiro}, Rita and
         {Wang}, Yuting and {Zhao}, Gong-bo},
        title = "{The clustering of galaxies in the completed SDSS-III Baryon Oscillation Spectroscopic Survey: angular clustering tomography and its cosmological implications}",
      journal = {\mnras},
     keywords = {cosmological parameters, large-scale structure of Universe, Astrophysics - Cosmology and Nongalactic Astrophysics, Astrophysics - Instrumentation and Methods for Astrophysics},
         year = "2017",
        month = "Jul",
       volume = {468},
       number = {3},
        pages = {2938-2956},
          doi = {10.1093/mnras/stx633},
archivePrefix = {arXiv},
       eprint = {1607.03144},
 primaryClass = {astro-ph.CO},
       adsurl = {https://ui.adsabs.harvard.edu/abs/2017MNRAS.468.2938S},
      adsnote = {Provided by the SAO/NASA Astrophysics Data System}
}

@ARTICLE{Alam2015,
       author = {{Alam}, Shadab and {Albareti}, Franco D. and {Allende Prieto}, Carlos and
         {Anders}, F. and {Anderson}, Scott F. and {Anderton}, Timothy and
         {Andrews}, Brett H. and {Armengaud}, Eric and {Aubourg}, {\'E}ric and
         {Bailey}, Stephen and {Basu}, Sarbani and {Bautista}, Julian E. and
         {Beaton}, Rachael L. and {Beers}, Timothy C. and {Bender}, Chad F. and
         {Berlind}, Andreas A. and {Beutler}, Florian and {Bhardwaj}, Vaishali and
         {Bird}, Jonathan C. and {Bizyaev}, Dmitry and {Blake}, Cullen H. and
         {Blanton}, Michael R. and {Blomqvist}, Michael and
         {Bochanski}, John J. and {Bolton}, Adam S. and {Bovy}, Jo and
         {Shelden Bradley}, A. and {Brandt}, W.~N. and {Brauer}, D.~E. and
         {Brinkmann}, J. and {Brown}, Peter J. and {Brownstein}, Joel R. and
         {Burden}, Angela and {Burtin}, Etienne and {Busca}, Nicol{\'a}s G. and
         {Cai}, Zheng and {Capozzi}, Diego and {Carnero Rosell}, Aurelio and
         {Carr}, Michael A. and {Carrera}, Ricardo and {Chambers}, K.~C. and
         {Chaplin}, William James and {Chen}, Yen-Chi and {Chiappini}, Cristina and
         {Chojnowski}, S. Drew and {Chuang}, Chia-Hsun and {Clerc}, Nicolas and
         {Comparat}, Johan and {Covey}, Kevin and {Croft}, Rupert A.~C. and
         {Cuesta}, Antonio J. and {Cunha}, Katia and {da Costa}, Luiz N. and
         {Da Rio}, Nicola and {Davenport}, James R.~A. and {Dawson}, Kyle S. and
         {De Lee}, Nathan and {Delubac}, Timoth{\'e}e and {Deshpande}, Rohit and
         {Dhital}, Saurav and {Dutra-Ferreira}, Let{\'\i}cia and {Dwelly}, Tom and
         {Ealet}, Anne and {Ebelke}, Garrett L. and {Edmondson}, Edward M. and
         {Eisenstein}, Daniel J. and {Ellsworth}, Tristan and
         {Elsworth}, Yvonne and {Epstein}, Courtney R. and {Eracleous}, Michael and
         {Escoffier}, Stephanie and {Esposito}, Massimiliano and
         {Evans}, Michael L. and {Fan}, Xiaohui and {Fern{\'a}ndez-Alvar}, Emma and
         {Feuillet}, Diane and {Filiz Ak}, Nurten and {Finley}, Hayley and
         {Finoguenov}, Alexis and {Flaherty}, Kevin and {Fleming}, Scott W. and
         {Font-Ribera}, Andreu and {Foster}, Jonathan and
         {Frinchaboy}, Peter M. and {Galbraith-Frew}, J.~G. and
         {Garc{\'\i}a}, Rafael A. and {Garc{\'\i}a-Hern{\'a}ndez}, D.~A. and
         {Garc{\'\i}a P{\'e}rez}, Ana E. and {Gaulme}, Patrick and {Ge}, Jian and
         {G{\'e}nova-Santos}, R. and {Georgakakis}, A. and {Ghezzi}, Luan and
         {Gillespie}, Bruce A. and {Girardi}, L{\'e}o and {Goddard}, Daniel and
         {Gontcho}, Satya Gontcho A. and {Gonz{\'a}lez Hern{\'a}ndez}, Jonay I. and
         {Grebel}, Eva K. and {Green}, Paul J. and {Grieb}, Jan Niklas and
         {Grieves}, Nolan and {Gunn}, James E. and {Guo}, Hong and
         {Harding}, Paul and {Hasselquist}, Sten and {Hawley}, Suzanne L. and
         {Hayden}, Michael and {Hearty}, Fred R. and {Hekker}, Saskia and
         {Ho}, Shirley and {Hogg}, David W. and {Holley-Bockelmann}, Kelly and
         {Holtzman}, Jon A. and {Honscheid}, Klaus and {Huber}, Daniel and
         {Huehnerhoff}, Joseph and {Ivans}, Inese I. and {Jiang}, Linhua and
         {Johnson}, Jennifer A. and {Kinemuchi}, Karen and {Kirkby}, David and
         {Kitaura}, Francisco and {Klaene}, Mark A. and {Knapp}, Gillian R. and
         {Kneib}, Jean-Paul and {Koenig}, Xavier P. and {Lam}, Charles R. and
         {Lan}, Ting-Wen and {Lang}, Dustin and {Laurent}, Pierre and
         {Le Goff}, Jean-Marc and {Leauthaud}, Alexie and {Lee}, Khee-Gan and
         {Lee}, Young Sun and {Licquia}, Timothy C. and {Liu}, Jian and
         {Long}, Daniel C. and {L{\'o}pez-Corredoira}, Mart{\'\i}n and
         {Lorenzo-Oliveira}, Diego and {Lucatello}, Sara and {Lundgren}, Britt and
         {Lupton}, Robert H. and {Mack}, Claude E., III and
         {Mahadevan}, Suvrath and {Maia}, Marcio A.~G. and
         {Majewski}, Steven R. and {Malanushenko}, Elena and
         {Malanushenko}, Viktor and {Manchado}, A. and {Manera}, Marc and
         {Mao}, Qingqing and {Maraston}, Claudia and {Marchwinski}, Robert C. and
         {Margala}, Daniel and {Martell}, Sarah L. and {Martig}, Marie and
         {Masters}, Karen L. and {Mathur}, Savita and {McBride}, Cameron K. and
         {McGehee}, Peregrine M. and {McGreer}, Ian D. and
         {McMahon}, Richard G. and {M{\'e}nard}, Brice and
         {Menzel}, Marie-Luise and {Merloni}, Andrea and
         {M{\'e}sz{\'a}ros}, Szabolcs and {Miller}, Adam A. and
         {Miralda-Escud{\'e}}, Jordi and {Miyatake}, Hironao and
         {Montero-Dorta}, Antonio D. and {More}, Surhud and {Morganson}, Eric and
         {Morice-Atkinson}, Xan and {Morrison}, Heather L. and
         {Mosser}, Ben{\^o}it and {Muna}, Demitri and {Myers}, Adam D. and {Nand
        ra}, Kirpal and {Newman}, Jeffrey A. and {Neyrinck}, Mark and
         {Nguyen}, Duy Cuong and {Nichol}, Robert C. and {Nidever}, David L. and
         {Noterdaeme}, Pasquier and {Nuza}, Sebasti{\'a}n E. and
         {O'Connell}, Julia E. and {O'Connell}, Robert W. and {O'Connell}, Ross and
         {Ogando}, Ricardo L.~C. and {Olmstead}, Matthew D. and
         {Oravetz}, Audrey E. and {Oravetz}, Daniel J. and {Osumi}, Keisuke and
         {Owen}, Russell and {Padgett}, Deborah L. and {Padmanabhan}, Nikhil and
         {Paegert}, Martin and {Palanque-Delabrouille}, Nathalie and
         {Pan}, Kaike and {Parejko}, John K. and {P{\^a}ris}, Isabelle and
         {Park}, Changbom and {Pattarakijwanich}, Petchara and
         {Pellejero-Ibanez}, M. and {Pepper}, Joshua and {Percival}, Will J. and
         {P{\'e}rez-Fournon}, Ismael and {Ṕrez-Ra`fols}, Ignasi and
         {Petitjean}, Patrick and {Pieri}, Matthew M. and
         {Pinsonneault}, Marc H. and {Porto de Mello}, Gustavo F. and
         {Prada}, Francisco and {Prakash}, Abhishek and
         {Price-Whelan}, Adrian M. and {Protopapas}, Pavlos and
         {Raddick}, M. Jordan and {Rahman}, Mubdi and {Reid}, Beth A. and
         {Rich}, James and {Rix}, Hans-Walter and {Robin}, Annie C. and
         {Rockosi}, Constance M. and {Rodrigues}, Tha{\'\i}se S. and
         {Rodr{\'\i}guez-Torres}, Sergio and {Roe}, Natalie A. and
         {Ross}, Ashley J. and {Ross}, Nicholas P. and {Rossi}, Graziano and
         {Ruan}, John J. and {Rubi{\~n}o-Mart{\'\i}n}, J.~A. and
         {Rykoff}, Eli S. and {Salazar-Albornoz}, Salvador and {Salvato}, Mara and
         {Samushia}, Lado and {S{\'a}nchez}, Ariel G. and
         {Santiago}, Bas{\'\i}lio and {Sayres}, Conor and
         {Schiavon}, Ricardo P. and {Schlegel}, David J. and
         {Schmidt}, Sarah J. and {Schneider}, Donald P. and
         {Schultheis}, Mathias and {Schwope}, Axel D. and {Sc{\'o}ccola}, C.~G. and
         {Scott}, Caroline and {Sellgren}, Kris and {Seo}, Hee-Jong and
         {Serenelli}, Aldo and {Shane}, Neville and {Shen}, Yue and
         {Shetrone}, Matthew and {Shu}, Yiping and {Silva Aguirre}, V. and
         {Sivarani}, Thirupathi and {Skrutskie}, M.~F. and {Slosar}, An{\v{z}}e and
         {Smith}, Verne V. and {Sobreira}, Fl{\'a}via and {Souto}, Diogo and
         {Stassun}, Keivan G. and {Steinmetz}, Matthias and {Stello}, Dennis and
         {Strauss}, Michael A. and {Streblyanska}, Alina and {Suzuki}, Nao and
         {Swanson}, Molly E.~C. and {Tan}, Jonathan C. and {Tayar}, Jamie and
         {Terrien}, Ryan C. and {Thakar}, Aniruddha R. and {Thomas}, Daniel and
         {Thomas}, Neil and {Thompson}, Benjamin A. and {Tinker}, Jeremy L. and
         {Tojeiro}, Rita and {Troup}, Nicholas W. and
         {Vargas-Maga{\~n}a}, Mariana and {Vazquez}, Jose A. and {Verde}, Licia and
         {Viel}, Matteo and {Vogt}, Nicole P. and {Wake}, David A. and
         {Wang}, Ji and {Weaver}, Benjamin A. and {Weinberg}, David H. and
         {Weiner}, Benjamin J. and {White}, Martin and {Wilson}, John C. and
         {Wisniewski}, John P. and {Wood-Vasey}, W.~M. and {Ye`che}, Christophe and
         {York}, Donald G. and {Zakamska}, Nadia L. and {Zamora}, O. and
         {Zasowski}, Gail and {Zehavi}, Idit and {Zhao}, Gong-Bo and
         {Zheng}, Zheng and {Zhou}, Xu and {Zhou}, Zhimin and {Zou}, Hu and
         {Zhu}, Guangtun},
        title = "{The Eleventh and Twelfth Data Releases of the Sloan Digital Sky Survey: Final Data from SDSS-III}",
      journal = {\apjs},
     keywords = {atlases, catalogs, surveys, Astrophysics - Instrumentation and Methods for Astrophysics, Astrophysics - Astrophysics of Galaxies, Astrophysics - Solar and Stellar Astrophysics},
         year = "2015",
        month = "Jul",
       volume = {219},
       number = {1},
          eid = {12},
        pages = {12},
          doi = {10.1088/0067-0049/219/1/12},
archivePrefix = {arXiv},
       eprint = {1501.00963},
 primaryClass = {astro-ph.IM},
       adsurl = {https://ui.adsabs.harvard.edu/abs/2015ApJS..219...12A},
      adsnote = {Provided by the SAO/NASA Astrophysics Data System}
}

@ARTICLE{Eisenstein2011,
       author = {{Eisenstein}, Daniel J. and {Weinberg}, David H. and {Agol}, Eric and
         {Aihara}, Hiroaki and {Allende Prieto}, Carlos and
         {Anderson}, Scott F. and {Arns}, James A. and {Aubourg}, {\'E}ric and
         {Bailey}, Stephen and {Balbinot}, Eduardo and {Barkhouser}, Robert and
         {Beers}, Timothy C. and {Berlind}, Andreas A. and
         {Bickerton}, Steven J. and {Bizyaev}, Dmitry and {Blanton}, Michael R. and
         {Bochanski}, John J. and {Bolton}, Adam S. and {Bosman}, Casey T. and
         {Bovy}, Jo and {Brandt}, W.~N. and {Breslauer}, Ben and
         {Brewington}, Howard J. and {Brinkmann}, J. and {Brown}, Peter J. and
         {Brownstein}, Joel R. and {Burger}, Dan and {Busca}, Nicolas G. and
         {Campbell}, Heather and {Cargile}, Phillip A. and
         {Carithers}, William C. and {Carlberg}, Joleen K. and
         {Carr}, Michael A. and {Chang}, Liang and {Chen}, Yanmei and
         {Chiappini}, Cristina and {Comparat}, Johan and {Connolly}, Natalia and
         {Cortes}, Marina and {Croft}, Rupert A.~C. and {Cunha}, Katia and
         {da Costa}, Luiz N. and {Davenport}, James R.~A. and {Dawson}, Kyle and
         {De Lee}, Nathan and {Porto de Mello}, Gustavo F. and {de Simoni}, Fernand
        o and {Dean}, Janice and {Dhital}, Saurav and {Ealet}, Anne and
         {Ebelke}, Garrett L. and {Edmondson}, Edward M. and {Eiting}, Jacob M. and
         {Escoffier}, Stephanie and {Esposito}, Massimiliano and
         {Evans}, Michael L. and {Fan}, Xiaohui and
         {Femen{\'\i}a Castell{\'a}}, Bruno and {Dutra Ferreira}, Leticia and
         {Fitzgerald}, Greg and {Fleming}, Scott W. and {Font-Ribera}, Andreu and
         {Ford}, Eric B. and {Frinchaboy}, Peter M. and
         {Garc{\'\i}a P{\'e}rez}, Ana Elia and {Gaudi}, B. Scott and {Ge}, Jian and
         {Ghezzi}, Luan and {Gillespie}, Bruce A. and {Gilmore}, G. and
         {Girardi}, L{\'e}o and {Gott}, J. Richard and {Gould}, Andrew and
         {Grebel}, Eva K. and {Gunn}, James E. and {Hamilton}, Jean-Christophe and
         {Harding}, Paul and {Harris}, David W. and {Hawley}, Suzanne L. and
         {Hearty}, Frederick R. and {Hennawi}, Joseph F. and
         {Gonz{\'a}lez Hern{\'a}ndez}, Jonay I. and {Ho}, Shirley and
         {Hogg}, David W. and {Holtzman}, Jon A. and {Honscheid}, Klaus and
         {Inada}, Naohisa and {Ivans}, Inese I. and {Jiang}, Linhua and
         {Jiang}, Peng and {Johnson}, Jennifer A. and {Jordan}, Cathy and
         {Jordan}, Wendell P. and {Kauffmann}, Guinevere and {Kazin}, Eyal and
         {Kirkby}, David and {Klaene}, Mark A. and {Knapp}, G.~R. and
         {Kneib}, Jean-Paul and {Kochanek}, C.~S. and {Koesterke}, Lars and
         {Kollmeier}, Juna A. and {Kron}, Richard G. and {Lampeitl}, Hubert and
         {Lang}, Dustin and {Lawler}, James E. and {Le Goff}, Jean-Marc and
         {Lee}, Brian L. and {Lee}, Young Sun and {Leisenring}, Jarron M. and
         {Lin}, Yen-Ting and {Liu}, Jian and {Long}, Daniel C. and
         {Loomis}, Craig P. and {Lucatello}, Sara and {Lundgren}, Britt and
         {Lupton}, Robert H. and {Ma}, Bo and {Ma}, Zhibo and
         {MacDonald}, Nicholas and {Mack}, Claude and {Mahadevan}, Suvrath and
         {Maia}, Marcio A.~G. and {Majewski}, Steven R. and {Makler}, Martin and
         {Malanushenko}, Elena and {Malanushenko}, Viktor and {Mand
        elbaum}, Rachel and {Maraston}, Claudia and {Margala}, Daniel and
         {Maseman}, Paul and {Masters}, Karen L. and {McBride}, Cameron K. and
         {McDonald}, Patrick and {McGreer}, Ian D. and {McMahon}, Richard G. and
         {Mena Requejo}, Olga and {M{\'e}nard}, Brice and
         {Miralda-Escud{\'e}}, Jordi and {Morrison}, Heather L. and
         {Mullally}, Fergal and {Muna}, Demitri and {Murayama}, Hitoshi and
         {Myers}, Adam D. and {Naugle}, Tracy and {Neto}, Angelo Fausti and
         {Nguyen}, Duy Cuong and {Nichol}, Robert C. and {Nidever}, David L. and
         {O'Connell}, Robert W. and {Ogando}, Ricardo L.~C. and
         {Olmstead}, Matthew D. and {Oravetz}, Daniel J. and
         {Padmanabhan}, Nikhil and {Paegert}, Martin and
         {Palanque-Delabrouille}, Nathalie and {Pan}, Kaike and {Pandey}, Parul and
         {Parejko}, John K. and {P{\^a}ris}, Isabelle and {Pellegrini}, Paulo and
         {Pepper}, Joshua and {Percival}, Will J. and {Petitjean}, Patrick and
         {Pfaffenberger}, Robert and {Pforr}, Janine and {Phleps}, Stefanie and
         {Pichon}, Christophe and {Pieri}, Matthew M. and {Prada}, Francisco and
         {Price-Whelan}, Adrian M. and {Raddick}, M. Jordan and
         {Ramos}, Beatriz H.~F. and {Reid}, I. Neill and {Reyle}, Celine and
         {Rich}, James and {Richards}, Gordon T. and {Rieke}, George H. and
         {Rieke}, Marcia J. and {Rix}, Hans-Walter and {Robin}, Annie C. and
         {Rocha-Pinto}, Helio J. and {Rockosi}, Constance M. and
         {Roe}, Natalie A. and {Rollinde}, Emmanuel and {Ross}, Ashley J. and
         {Ross}, Nicholas P. and {Rossetto}, Bruno and {S{\'a}nchez}, Ariel G. and
         {Santiago}, Basilio and {Sayres}, Conor and {Schiavon}, Ricardo and
         {Schlegel}, David J. and {Schlesinger}, Katharine J. and
         {Schmidt}, Sarah J. and {Schneider}, Donald P. and {Sellgren}, Kris and
         {Shelden}, Alaina and {Sheldon}, Erin and {Shetrone}, Matthew and
         {Shu}, Yiping and {Silverman}, John D. and {Simmerer}, Jennifer and
         {Simmons}, Audrey E. and {Sivarani}, Thirupathi and {Skrutskie}, M.~F. and
         {Slosar}, An{\v{z}}e and {Smee}, Stephen and {Smith}, Verne V. and
         {Snedden}, Stephanie A. and {Stassun}, Keivan G. and {Steele}, Oliver and
         {Steinmetz}, Matthias and {Stockett}, Mark H. and {Stollberg}, Todd and
         {Strauss}, Michael A. and {Szalay}, Alexander S. and
         {Tanaka}, Masayuki and {Thakar}, Aniruddha R. and {Thomas}, Daniel and
         {Tinker}, Jeremy L. and {Tofflemire}, Benjamin M. and {Tojeiro}, Rita and
         {Tremonti}, Christy A. and {Vargas Maga{\~n}a}, Mariana and
         {Verde}, Licia and {Vogt}, Nicole P. and {Wake}, David A. and
         {Wan}, Xiaoke and {Wang}, Ji and {Weaver}, Benjamin A. and
         {White}, Martin and {White}, Simon D.~M. and {Wilson}, John C. and
         {Wisniewski}, John P. and {Wood-Vasey}, W. Michael and {Yanny}, Brian and
         {Yasuda}, Naoki and {Y{\`e}che}, Christophe and {York}, Donald G. and
         {Young}, Erick and {Zasowski}, Gail and {Zehavi}, Idit and {Zhao}, Bo},
        title = "{SDSS-III: Massive Spectroscopic Surveys of the Distant Universe, the Milky Way, and Extra-Solar Planetary Systems}",
      journal = {\aj},
     keywords = {cosmology: observations, Galaxy: evolution, planets and satellites: detection, surveys, Astrophysics - Instrumentation and Methods for Astrophysics},
         year = "2011",
        month = "Sep",
       volume = {142},
       number = {3},
          eid = {72},
        pages = {72},
          doi = {10.1088/0004-6256/142/3/72},
archivePrefix = {arXiv},
       eprint = {1101.1529},
 primaryClass = {astro-ph.IM},
       adsurl = {https://ui.adsabs.harvard.edu/abs/2011AJ....142...72E},
      adsnote = {Provided by the SAO/NASA Astrophysics Data System}
}

@ARTICLE{Dawson2013,
       author = {{Dawson}, Kyle S. and {Schlegel}, David J. and {Ahn}, Christopher P. and
         {Anderson}, Scott F. and {Aubourg}, {\'E}ric and {Bailey}, Stephen and
         {Barkhouser}, Robert H. and {Bautista}, Julian E. and {Beifiori}, Alessand
        ra and {Berlind}, Andreas A. and {Bhardwaj}, Vaishali and
         {Bizyaev}, Dmitry and {Blake}, Cullen H. and {Blanton}, Michael R. and
         {Blomqvist}, Michael and {Bolton}, Adam S. and {Borde}, Arnaud and
         {Bovy}, Jo and {Brandt}, W.~N. and {Brewington}, Howard and
         {Brinkmann}, Jon and {Brown}, Peter J. and {Brownstein}, Joel R. and
         {Bundy}, Kevin and {Busca}, N.~G. and {Carithers}, William and
         {Carnero}, Aurelio R. and {Carr}, Michael A. and {Chen}, Yanmei and
         {Comparat}, Johan and {Connolly}, Natalia and {Cope}, Frances and
         {Croft}, Rupert A.~C. and {Cuesta}, Antonio J. and {da Costa}, Luiz N. and
         {Davenport}, James R.~A. and {Delubac}, Timoth{\'e}e and
         {de Putter}, Roland and {Dhital}, Saurav and {Ealet}, Anne and
         {Ebelke}, Garrett L. and {Eisenstein}, Daniel J. and {Escoffier}, S. and
         {Fan}, Xiaohui and {Filiz Ak}, N. and {Finley}, Hayley and
         {Font-Ribera}, Andreu and {G{\'e}nova-Santos}, R. and {Gunn}, James E. and
         {Guo}, Hong and {Haggard}, Daryl and {Hall}, Patrick B. and
         {Hamilton}, Jean-Christophe and {Harris}, Ben and {Harris}, David W. and
         {Ho}, Shirley and {Hogg}, David W. and {Holder}, Diana and
         {Honscheid}, Klaus and {Huehnerhoff}, Joe and {Jordan}, Beatrice and
         {Jordan}, Wendell P. and {Kauffmann}, Guinevere and {Kazin}, Eyal A. and
         {Kirkby}, David and {Klaene}, Mark A. and {Kneib}, Jean-Paul and
         {Le Goff}, Jean-Marc and {Lee}, Khee-Gan and {Long}, Daniel C. and
         {Loomis}, Craig P. and {Lundgren}, Britt and {Lupton}, Robert H. and
         {Maia}, Marcio A.~G. and {Makler}, Martin and {Malanushenko}, Elena and
         {Malanushenko}, Viktor and {Mandelbaum}, Rachel and {Manera}, Marc and
         {Maraston}, Claudia and {Margala}, Daniel and {Masters}, Karen L. and
         {McBride}, Cameron K. and {McDonald}, Patrick and {McGreer}, Ian D. and
         {McMahon}, Richard G. and {Mena}, Olga and {Miralda-Escud{\'e}}, Jordi and
         {Montero-Dorta}, Antonio D. and {Montesano}, Francesco and
         {Muna}, Demitri and {Myers}, Adam D. and {Naugle}, Tracy and
         {Nichol}, Robert C. and {Noterdaeme}, Pasquier and
         {Nuza}, Sebasti{\'a}n E. and {Olmstead}, Matthew D. and
         {Oravetz}, Audrey and {Oravetz}, Daniel J. and {Owen}, Russell and
         {Padmanabhan}, Nikhil and {Palanque-Delabrouille}, Nathalie and
         {Pan}, Kaike and {Parejko}, John K. and {P{\^a}ris}, Isabelle and
         {Percival}, Will J. and {P{\'e}rez-Fournon}, Ismael and
         {P{\'e}rez-R{\`a}fols}, Ignasi and {Petitjean}, Patrick and
         {Pfaffenberger}, Robert and {Pforr}, Janine and {Pieri}, Matthew M. and
         {Prada}, Francisco and {Price-Whelan}, Adrian M. and
         {Raddick}, M. Jordan and {Rebolo}, Rafael and {Rich}, James and
         {Richards}, Gordon T. and {Rockosi}, Constance M. and
         {Roe}, Natalie A. and {Ross}, Ashley J. and {Ross}, Nicholas P. and
         {Rossi}, Graziano and {Rubi{\~n}o-Martin}, J.~A. and {Samushia}, Lado and
         {S{\'a}nchez}, Ariel G. and {Sayres}, Conor and {Schmidt}, Sarah J. and
         {Schneider}, Donald P. and {Sc{\'o}ccola}, C.~G. and {Seo}, Hee-Jong and
         {Shelden}, Alaina and {Sheldon}, Erin and {Shen}, Yue and
         {Shu}, Yiping and {Slosar}, An{\v{z}}e and {Smee}, Stephen A. and
         {Snedden}, Stephanie A. and {Stauffer}, Fritz and {Steele}, Oliver and
         {Strauss}, Michael A. and {Streblyanska}, Alina and {Suzuki}, Nao and
         {Swanson}, Molly E.~C. and {Tal}, Tomer and {Tanaka}, Masayuki and
         {Thomas}, Daniel and {Tinker}, Jeremy L. and {Tojeiro}, Rita and
         {Tremonti}, Christy A. and {Vargas Maga{\~n}a}, M. and {Verde}, Licia and
         {Viel}, Matteo and {Wake}, David A. and {Watson}, Mike and
         {Weaver}, Benjamin A. and {Weinberg}, David H. and
         {Weiner}, Benjamin J. and {West}, Andrew A. and {White}, Martin and
         {Wood-Vasey}, W.~M. and {Yeche}, Christophe and {Zehavi}, Idit and
         {Zhao}, Gong-Bo and {Zheng}, Zheng},
        title = "{The Baryon Oscillation Spectroscopic Survey of SDSS-III}",
      journal = {\aj},
     keywords = {cosmology: observations, surveys, Astrophysics - Cosmology and Nongalactic Astrophysics},
         year = "2013",
        month = "Jan",
       volume = {145},
       number = {1},
          eid = {10},
        pages = {10},
          doi = {10.1088/0004-6256/145/1/10},
archivePrefix = {arXiv},
       eprint = {1208.0022},
 primaryClass = {astro-ph.CO},
       adsurl = {https://ui.adsabs.harvard.edu/abs/2013AJ....145...10D},
      adsnote = {Provided by the SAO/NASA Astrophysics Data System}
}

@BOOK{Dodelson2003,
       author = {{Dodelson}, Scott},
        title = "{Modern cosmology}",
         year = "2003",
         publisher = "Academic Press",
       adsurl = {https://ui.adsabs.harvard.edu/abs/2003moco.book.....D},
      adsnote = {Provided by the SAO/NASA Astrophysics Data System}
}

@ARTICLE{Planck2018,
       author = {{Planck Collaboration} and {Aghanim}, N. and {Akrami}, Y. and
         {Ashdown}, M. and {Aumont}, J. and {Baccigalupi}, C. and
         {Ballardini}, M. and {Banday}, A.~J. and {Barreiro}, R.~B. and
         {Bartolo}, N. and {Basak}, S. and {Battye}, R. and {Benabed}, K. and
         {Bernard}, J. -P. and {Bersanelli}, M. and {Bielewicz}, P. and
         {Bock}, J.~J. and {Bond}, J.~R. and {Borrill}, J. and {Bouchet}, F.~R. and
         {Boulanger}, F. and {Bucher}, M. and {Burigana}, C. and
         {Butler}, R.~C. and {Calabrese}, E. and {Cardoso}, J. -F. and
         {Carron}, J. and {Challinor}, A. and {Chiang}, H.~C. and {Chluba}, J. and
         {Colombo}, L.~P.~L. and {Combet}, C. and {Contreras}, D. and
         {Crill}, B.~P. and {Cuttaia}, F. and {de Bernardis}, P. and
         {de Zotti}, G. and {Delabrouille}, J. and {Delouis}, J. -M. and
         {Di Valentino}, E. and {Diego}, J.~M. and {Dor{\'e}}, O. and
         {Douspis}, M. and {Ducout}, A. and {Dupac}, X. and {Dusini}, S. and
         {Efstathiou}, G. and {Elsner}, F. and {En{\ss}lin}, T.~A. and
         {Eriksen}, H.~K. and {Fantaye}, Y. and {Farhang}, M. and
         {Fergusson}, J. and {Fernandez-Cobos}, R. and {Finelli}, F. and
         {Forastieri}, F. and {Frailis}, M. and {Franceschi}, E. and
         {Frolov}, A. and {Galeotta}, S. and {Galli}, S. and {Ganga}, K. and
         {G{\'e}nova-Santos}, R.~T. and {Gerbino}, M. and {Ghosh}, T. and
         {Gonz{\'a}lez-Nuevo}, J. and {G{\'o}rski}, K.~M. and {Gratton}, S. and
         {Gruppuso}, A. and {Gudmundsson}, J.~E. and {Hamann}, J. and {Hand
        ley}, W. and {Herranz}, D. and {Hivon}, E. and {Huang}, Z. and
         {Jaffe}, A.~H. and {Jones}, W.~C. and {Karakci}, A. and
         {Keih{\"a}nen}, E. and {Keskitalo}, R. and {Kiiveri}, K. and {Kim}, J. and
         {Kisner}, T.~S. and {Knox}, L. and {Krachmalnicoff}, N. and {Kunz}, M. and
         {Kurki-Suonio}, H. and {Lagache}, G. and {Lamarre}, J. -M. and
         {Lasenby}, A. and {Lattanzi}, M. and {Lawrence}, C.~R. and
         {Le Jeune}, M. and {Lemos}, P. and {Lesgourgues}, J. and {Levrier}, F. and
         {Lewis}, A. and {Liguori}, M. and {Lilje}, P.~B. and {Lilley}, M. and
         {Lindholm}, V. and {L{\'o}pez-Caniego}, M. and {Lubin}, P.~M. and
         {Ma}, Y. -Z. and {Mac{\'\i}as-P{\'e}rez}, J.~F. and {Maggio}, G. and
         {Maino}, D. and {Mandolesi}, N. and {Mangilli}, A. and
         {Marcos-Caballero}, A. and {Maris}, M. and {Martin}, P.~G. and
         {Martinelli}, M. and {Mart{\'\i}nez-Gonz{\'a}lez}, E. and
         {Matarrese}, S. and {Mauri}, N. and {McEwen}, J.~D. and
         {Meinhold}, P.~R. and {Melchiorri}, A. and {Mennella}, A. and
         {Migliaccio}, M. and {Millea}, M. and {Mitra}, S. and
         {Miville-Desch{\^e}nes}, M. -A. and {Molinari}, D. and {Montier}, L. and
         {Morgante}, G. and {Moss}, A. and {Natoli}, P. and
         {N{\o}rgaard-Nielsen}, H.~U. and {Pagano}, L. and {Paoletti}, D. and
         {Partridge}, B. and {Patanchon}, G. and {Peiris}, H.~V. and
         {Perrotta}, F. and {Pettorino}, V. and {Piacentini}, F. and
         {Polastri}, L. and {Polenta}, G. and {Puget}, J. -L. and
         {Rachen}, J.~P. and {Reinecke}, M. and {Remazeilles}, M. and
         {Renzi}, A. and {Rocha}, G. and {Rosset}, C. and {Roudier}, G. and
         {Rubi{\~n}o-Mart{\'\i}n}, J.~A. and {Ruiz-Granados}, B. and
         {Salvati}, L. and {Sandri}, M. and {Savelainen}, M. and {Scott}, D. and
         {Shellard}, E.~P.~S. and {Sirignano}, C. and {Sirri}, G. and
         {Spencer}, L.~D. and {Sunyaev}, R. and {Suur-Uski}, A. -S. and
         {Tauber}, J.~A. and {Tavagnacco}, D. and {Tenti}, M. and
         {Toffolatti}, L. and {Tomasi}, M. and {Trombetti}, T. and
         {Valenziano}, L. and {Valiviita}, J. and {Van Tent}, B. and
         {Vibert}, L. and {Vielva}, P. and {Villa}, F. and {Vittorio}, N. and {Wand
        elt}, B.~D. and {Wehus}, I.~K. and {White}, M. and {White}, S.~D.~M. and
         {Zacchei}, A. and {Zonca}, A.},
        title = "{Planck 2018 results. VI. Cosmological parameters}",
      journal = {arXiv e-prints},
     keywords = {Astrophysics - Cosmology and Nongalactic Astrophysics},
         year = "2018",
        month = "Jul",
          eid = {arXiv:1807.06209},
        pages = {arXiv:1807.06209},
archivePrefix = {arXiv},
       eprint = {1807.06209},
 primaryClass = {astro-ph.CO},
       adsurl = {https://ui.adsabs.harvard.edu/abs/2018arXiv180706209P},
      adsnote = {Provided by the SAO/NASA Astrophysics Data System}
}

@ARTICLE{Seo2008,
       author = {{Seo}, Hee-Jong and {Siegel}, Ethan R. and {Eisenstein}, Daniel J. and
         {White}, Martin},
        title = "{Nonlinear Structure Formation and the Acoustic Scale}",
      journal = {\apj},
     keywords = {cosmological parameters, cosmology: theory, distance scale, large-scale structure of universe, methods: N-body simulations, Astrophysics},
         year = "2008",
        month = "Oct",
       volume = {686},
       number = {1},
        pages = {13-24},
          doi = {10.1086/589921},
archivePrefix = {arXiv},
       eprint = {0805.0117},
 primaryClass = {astro-ph},
       adsurl = {https://ui.adsabs.harvard.edu/abs/2008ApJ...686...13S},
      adsnote = {Provided by the SAO/NASA Astrophysics Data System}
}

@ARTICLE{Springel2018,
       author = {{Springel}, Volker and {Pakmor}, R{\"u}diger and {Pillepich}, Annalisa and
         {Weinberger}, Rainer and {Nelson}, Dylan and {Hernquist}, Lars and
         {Vogelsberger}, Mark and {Genel}, Shy and {Torrey}, Paul and
         {Marinacci}, Federico and {Naiman}, Jill},
        title = "{First results from the IllustrisTNG simulations: matter and galaxy clustering}",
      journal = {\mnras},
     keywords = {methods: numerical, galaxy formation, large-scale structure of Universe, Astrophysics - Astrophysics of Galaxies, Astrophysics - Cosmology and Nongalactic Astrophysics},
         year = "2018",
        month = "Mar",
       volume = {475},
       number = {1},
        pages = {676-698},
          doi = {10.1093/mnras/stx3304},
archivePrefix = {arXiv},
       eprint = {1707.03397},
 primaryClass = {astro-ph.GA},
       adsurl = {https://ui.adsabs.harvard.edu/abs/2018MNRAS.475..676S},
      adsnote = {Provided by the SAO/NASA Astrophysics Data System}
}

@ARTICLE{deGraaff2019,
       author = {{de Graaff}, Anna and {Cai}, Yan-Chuan and {Heymans}, Catherine and
         {Peacock}, John A.},
        title = "{Probing the missing baryons with the Sunyaev-Zel'dovich effect from filaments}",
      journal = {\aap},
     keywords = {cosmology: observations, large-scale structure of Universe, cosmic background radiation, intergalactic medium, Astrophysics - Cosmology and Nongalactic Astrophysics},
         year = "2019",
        month = "Apr",
       volume = {624},
          eid = {A48},
        pages = {A48},
          doi = {10.1051/0004-6361/201935159},
archivePrefix = {arXiv},
       eprint = {1709.10378},
 primaryClass = {astro-ph.CO},
       adsurl = {https://ui.adsabs.harvard.edu/abs/2019A&A...624A..48D},
      adsnote = {Provided by the SAO/NASA Astrophysics Data System}
}

@ARTICLE{Eisenstein1998,
       author = {{Eisenstein}, Daniel J. and {Hu}, Wayne},
        title = "{Baryonic Features in the Matter Transfer Function}",
      journal = {\apj},
     keywords = {COSMOLOGY: THEORY, COSMOLOGY: DARK MATTER, COSMOLOGY: LARGE-SCALE STRUCTURE OF UNIVERSE, Cosmology: Theory, Cosmology: Dark Matter, Cosmology: Large-Scale Structure of Universe, Astrophysics},
         year = "1998",
        month = "Mar",
       volume = {496},
       number = {2},
        pages = {605-614},
          doi = {10.1086/305424},
archivePrefix = {arXiv},
       eprint = {astro-ph/9709112},
 primaryClass = {astro-ph},
       adsurl = {https://ui.adsabs.harvard.edu/abs/1998ApJ...496..605E},
      adsnote = {Provided by the SAO/NASA Astrophysics Data System}
}

@ARTICLE{McGaugh2004,
       author = {{McGaugh}, Stacy S.},
        title = "{Confrontation of Modified Newtonian Dynamics Predictions with Wilkinson Microwave Anisotropy Probe First Year Data}",
      journal = {\apj},
     keywords = {Cosmology: Cosmic Microwave Background, Cosmology: Observations, Cosmology: Dark Matter, Gravitation, Astrophysics},
         year = "2004",
        month = "Aug",
       volume = {611},
       number = {1},
        pages = {26-39},
          doi = {10.1086/421895},
archivePrefix = {arXiv},
       eprint = {astro-ph/0312570},
 primaryClass = {astro-ph},
       adsurl = {https://ui.adsabs.harvard.edu/abs/2004ApJ...611...26M},
      adsnote = {Provided by the SAO/NASA Astrophysics Data System}
}

@ARTICLE{Dodelson2011,
       author = {{Dodelson}, Scott},
        title = "{The Real Problem with MOND}",
      journal = {International Journal of Modern Physics D},
     keywords = {Cosmology, dark matter, Astrophysics - Cosmology and Extragalactic Astrophysics, High Energy Physics - Phenomenology},
         year = "2011",
        month = "Jan",
       volume = {20},
       number = {14},
        pages = {2749-2753},
          doi = {10.1142/S0218271811020561},
archivePrefix = {arXiv},
       eprint = {1112.1320},
 primaryClass = {astro-ph.CO},
       adsurl = {https://ui.adsabs.harvard.edu/abs/2011IJMPD..20.2749D},
      adsnote = {Provided by the SAO/NASA Astrophysics Data System}
}

@ARTICLE{Sunyaev1970,
       author = {{Sunyaev}, R.~A. and {Zeldovich}, Ya. B.},
        title = "{Small-Scale Fluctuations of Relic Radiation}",
      journal = {\apss},
         year = "1970",
        month = "Apr",
       volume = {7},
       number = {1},
        pages = {3-19},
          doi = {10.1007/BF00653471},
       adsurl = {https://ui.adsabs.harvard.edu/abs/1970Ap&SS...7....3S},
      adsnote = {Provided by the SAO/NASA Astrophysics Data System}
}

@ARTICLE{Spergel2003,
       author = {{Spergel}, D.~N. and {Verde}, L. and {Peiris}, H.~V. and {Komatsu}, E. and
         {Nolta}, M.~R. and {Bennett}, C.~L. and {Halpern}, M. and
         {Hinshaw}, G. and {Jarosik}, N. and {Kogut}, A. and {Limon}, M. and
         {Meyer}, S.~S. and {Page}, L. and {Tucker}, G.~S. and {Weiland}, J.~L. and
         {Wollack}, E. and {Wright}, E.~L.},
        title = "{First-Year Wilkinson Microwave Anisotropy Probe (WMAP) Observations: Determination of Cosmological Parameters}",
      journal = {\apjs},
     keywords = {Cosmology: Cosmic Microwave Background, Cosmology: Cosmological Parameters- Cosmology: Observations, Cosmology: Early Universe, Astrophysics},
         year = "2003",
        month = "Sep",
       volume = {148},
       number = {1},
        pages = {175-194},
          doi = {10.1086/377226},
archivePrefix = {arXiv},
       eprint = {astro-ph/0302209},
 primaryClass = {astro-ph},
       adsurl = {https://ui.adsabs.harvard.edu/abs/2003ApJS..148..175S},
      adsnote = {Provided by the SAO/NASA Astrophysics Data System}
}

@ARTICLE{Verlinde2017,
       author = {{Verlinde}, Erik},
        title = "{Emergent Gravity and the Dark Universe}",
      journal = {SciPost Physics},
     keywords = {High Energy Physics - Theory, General Relativity and Quantum Cosmology},
         year = "2017",
        month = "May",
       volume = {2},
       number = {3},
          eid = {016},
        pages = {016},
          doi = {10.21468/SciPostPhys.2.3.016},
archivePrefix = {arXiv},
       eprint = {1611.02269},
 primaryClass = {hep-th},
       adsurl = {https://ui.adsabs.harvard.edu/abs/2017ScPP....2...16V},
      adsnote = {Provided by the SAO/NASA Astrophysics Data System}
}


@ARTICLE{PlanckIX,
       author = {{Planck Collaboration} and {Akrami}, Y. and {Arroja}, F. and
         {Ashdown}, M. and {Aumont}, J. and {Baccigalupi}, C. and
         {Ballardini}, M. and {Banday}, A.~J. and {Barreiro}, R.~B. and
         {Bartolo}, N. and {Basak}, S. and {Benabed}, K. and {Bernard}, J. -P. and
         {Bersanelli}, M. and {Bielewicz}, P. and {Bond}, J.~R. and
         {Borrill}, J. and {Bouchet}, F.~R. and {Bucher}, M. and {Burigana}, C. and
         {Butler}, R.~C. and {Calabrese}, E. and {Cardoso}, J. -F. and
         {Casaponsa}, B. and {Challinor}, A. and {Chiang}, H.~C. and
         {Colombo}, L.~P.~L. and {Combet}, C. and {Crill}, B.~P. and
         {Cuttaia}, F. and {de Bernardis}, P. and {de Rosa}, A. and
         {de Zotti}, G. and {Delabrouille}, J. and {Delouis}, J. -M. and
         {Di Valentino}, E. and {Diego}, J.~M. and {Dor{\'e}}, O. and
         {Douspis}, M. and {Ducout}, A. and {Dupac}, X. and {Dusini}, S. and
         {Efstathiou}, G. and {Elsner}, F. and {En{\ss}lin}, T.~A. and
         {Eriksen}, H.~K. and {Fantaye}, Y. and {Fergusson}, J. and {Fernand
        ez-Cobos}, R. and {Finelli}, F. and {Frailis}, M. and {Fraisse}, A.~A. and
         {Franceschi}, E. and {Frolov}, A. and {Galeotta}, S. and {Ganga}, K. and
         {G{\'e}nova-Santos}, R.~T. and {Gerbino}, M. and
         {Gonz{\'a}lez-Nuevo}, J. and {G{\'o}rski}, K.~M. and {Gratton}, S. and
         {Gruppuso}, A. and {Gudmundsson}, J.~E. and {Hamann}, J. and {Hand
        ley}, W. and {Hansen}, F.~K. and {Herranz}, D. and {Hivon}, E. and
         {Huang}, Z. and {Jaffe}, A.~H. and {Jones}, W.~C. and {Jung}, G. and
         {Keih{\"a}nen}, E. and {Keskitalo}, R. and {Kiiveri}, K. and {Kim}, J. and
         {Krachmalnicoff}, N. and {Kunz}, M. and {Kurki-Suonio}, H. and
         {Lamarre}, J. -M. and {Lasenby}, A. and {Lattanzi}, M. and
         {Lawrence}, C.~R. and {Le Jeune}, M. and {Levrier}, F. and {Lewis}, A. and
         {Liguori}, M. and {Lilje}, P.~B. and {Lindholm}, V. and
         {L{\'o}pez-Caniego}, M. and {Ma}, Y. -Z. and
         {Mac{\'\i}as-P{\'e}rez}, J.~F. and {Maggio}, G. and {Maino}, D. and {Mand
        olesi}, N. and {Marcos-Caballero}, A. and {Maris}, M. and
         {Martin}, P.~G. and {Mart{\'\i}nez-Gonz{\'a}lez}, E. and
         {Matarrese}, S. and {Mauri}, N. and {McEwen}, J.~D. and
         {Meerburg}, P.~D. and {Meinhold}, P.~R. and {Melchiorri}, A. and
         {Mennella}, A. and {Migliaccio}, M. and
         {Miville-Desch{\^e}nes}, M. -A. and {Molinari}, D. and {Moneti}, A. and
         {Montier}, L. and {Morgante}, G. and {Moss}, A. and
         {M{\"u}nchmeyer}, M. and {Natoli}, P. and {Oppizzi}, F. and
         {Pagano}, L. and {Paoletti}, D. and {Partridge}, B. and
         {Patanchon}, G. and {Perrotta}, F. and {Pettorino}, V. and
         {Piacentini}, F. and {Polenta}, G. and {Puget}, J. -L. and
         {Rachen}, J.~P. and {Racine}, B. and {Reinecke}, M. and
         {Remazeilles}, M. and {Renzi}, A. and {Rocha}, G. and
         {Rubi{\~n}o-Mart{\'\i}n}, J.~A. and {Ruiz-Granados}, B. and
         {Salvati}, L. and {Savelainen}, M. and {Scott}, D. and
         {Shellard}, E.~P.~S. and {Shiraishi}, M. and {Sirignano}, C. and
         {Sirri}, G. and {Smith}, K. and {Spencer}, L.~D. and {Stanco}, L. and
         {Sunyaev}, R. and {Suur-Uski}, A. -S. and {Tauber}, J.~A. and
         {Tavagnacco}, D. and {Tenti}, M. and {Toffolatti}, L. and {Tomasi}, M. and
         {Trombetti}, T. and {Valiviita}, J. and {Van Tent}, B. and
         {Vielva}, P. and {Villa}, F. and {Vittorio}, N. and {Wandelt}, B.~D. and
         {Wehus}, I.~K. and {Zacchei}, A. and {Zonca}, A.},
        title = "{Planck 2018 results. IX. Constraints on primordial non-Gaussianity}",
      journal = {arXiv e-prints},
     keywords = {Astrophysics - Cosmology and Nongalactic Astrophysics, General Relativity and Quantum Cosmology, High Energy Physics - Phenomenology, High Energy Physics - Theory},
         year = "2019",
        month = "May",
          eid = {arXiv:1905.05697},
        pages = {arXiv:1905.05697},
archivePrefix = {arXiv},
       eprint = {1905.05697},
 primaryClass = {astro-ph.CO},
       adsurl = {https://ui.adsabs.harvard.edu/abs/2019arXiv190505697P},
      adsnote = {Provided by the SAO/NASA Astrophysics Data System}
}

@ARTICLE{Slosar2008,
       author = {{Slosar}, An{\v{z}}e and {Hirata}, Christopher and {Seljak}, Uro{\v{s}} and
         {Ho}, Shirley and {Padmanabhan}, Nikhil},
        title = "{Constraints on local primordial non-Gaussianity from large scale structure}",
      journal = {\jcap},
     keywords = {Astrophysics},
         year = "2008",
        month = "Aug",
       volume = {2008},
       number = {8},
          eid = {031},
        pages = {031},
          doi = {10.1088/1475-7516/2008/08/031},
archivePrefix = {arXiv},
       eprint = {0805.3580},
 primaryClass = {astro-ph},
       adsurl = {https://ui.adsabs.harvard.edu/abs/2008JCAP...08..031S},
      adsnote = {Provided by the SAO/NASA Astrophysics Data System}
}

@ARTICLE{Komatsu2001,
       author = {{Komatsu}, Eiichiro and {Spergel}, David N.},
        title = "{Acoustic signatures in the primary microwave background bispectrum}",
      journal = {\prd},
     keywords = {98.70.Vc, 98.80.Cq, Background radiations, Particle-theory and field-theory models of the early Universe, Astrophysics},
         year = "2001",
        month = "Mar",
       volume = {63},
       number = {6},
          eid = {063002},
        pages = {063002},
          doi = {10.1103/PhysRevD.63.063002},
archivePrefix = {arXiv},
       eprint = {astro-ph/0005036},
 primaryClass = {astro-ph},
       adsurl = {https://ui.adsabs.harvard.edu/abs/2001PhRvD..63f3002K},
      adsnote = {Provided by the SAO/NASA Astrophysics Data System}
}

@ARTICLE{ACT2016,
       author = {{Louis}, Thibaut and {Grace}, Emily and {Hasselfield}, Matthew and
         {Lungu}, Marius and {Maurin}, Lo{\"\i}c and {Addison}, Graeme E. and
         {Ade}, Peter A.~R. and {Aiola}, Simone and {Allison}, Rupert and
         {Amiri}, Mandana and {Angile}, Elio and {Battaglia}, Nicholas and
         {Beall}, James A. and {de Bernardis}, Francesco and {Bond}, J. Richard and
         {Britton}, Joe and {Calabrese}, Erminia and {Cho}, Hsiao-mei and
         {Choi}, Steve K. and {Coughlin}, Kevin and {Crichton}, Devin and
         {Crowley}, Kevin and {Datta}, Rahul and {Devlin}, Mark J. and
         {Dicker}, Simon R. and {Dunkley}, Joanna and {D{\"u}nner}, Rolando and
         {Ferraro}, Simone and {Fox}, Anna E. and {Gallardo}, Patricio and
         {Gralla}, Megan and {Halpern}, Mark and {Henderson}, Shawn and
         {Hill}, J. Colin and {Hilton}, Gene C. and {Hilton}, Matt and
         {Hincks}, Adam D. and {Hlozek}, Ren{\'e}e and {Ho}, S.~P. Patty and
         {Huang}, Zhiqi and {Hubmayr}, Johannes and {Huffenberger}, Kevin M. and
         {Hughes}, John P. and {Infante}, Leopoldo and {Irwin}, Kent and
         {Muya Kasanda}, Simon and {Klein}, Jeff and {Koopman}, Brian and
         {Kosowsky}, Arthur and {Li}, Dale and {Madhavacheril}, Mathew and
         {Marriage}, Tobias A. and {McMahon}, Jeff and {Menanteau}, Felipe and
         {Moodley}, Kavilan and {Munson}, Charles and {Naess}, Sigurd and
         {Nati}, Federico and {Newburgh}, Laura and {Nibarger}, John and
         {Niemack}, Michael D. and {Nolta}, Michael R. and
         {Nu{\~n}ez}, Carolina and {Page}, Lyman A. and {Pappas}, Christine and
         {Partridge}, Bruce and {Rojas}, Felipe and {Schaan}, Emmanuel and
         {Schmitt}, Benjamin L. and {Sehgal}, Neelima and {Sherwin}, Blake D. and
         {Sievers}, Jon and {Simon}, Sara and {Spergel}, David N. and
         {Staggs}, Suzanne T. and {Switzer}, Eric R. and {Thornton}, Robert and
         {Trac}, Hy and {Treu}, Jesse and {Tucker}, Carole and
         {Van Engelen}, Alexander and {Ward}, Jonathan T. and
         {Wollack}, Edward J.},
        title = "{The Atacama Cosmology Telescope: two-season ACTPol spectra and parameters}",
      journal = {\jcap},
     keywords = {Astrophysics - Cosmology and Nongalactic Astrophysics},
         year = "2017",
        month = "Jun",
       volume = {2017},
       number = {6},
          eid = {031},
        pages = {031},
          doi = {10.1088/1475-7516/2017/06/031},
archivePrefix = {arXiv},
       eprint = {1610.02360},
 primaryClass = {astro-ph.CO},
       adsurl = {https://ui.adsabs.harvard.edu/abs/2017JCAP...06..031L},
      adsnote = {Provided by the SAO/NASA Astrophysics Data System}
}

@ARTICLE{Hadzhiyska2019,
       author = {{Hadzhiyska}, Boryana and {Spergel}, David},
        title = "{Measuring the duration of last scattering}",
      journal = {\prd},
     keywords = {Astrophysics - Cosmology and Nongalactic Astrophysics},
         year = "2019",
        month = "Feb",
       volume = {99},
       number = {4},
          eid = {043537},
        pages = {043537},
          doi = {10.1103/PhysRevD.99.043537},
archivePrefix = {arXiv},
       eprint = {1808.04083},
 primaryClass = {astro-ph.CO},
       adsurl = {https://ui.adsabs.harvard.edu/abs/2019PhRvD..99d3537H},
      adsnote = {Provided by the SAO/NASA Astrophysics Data System}
}

@ARTICLE{Loverde2008,
       author = {{Loverde}, Marilena and {Afshordi}, Niayesh},
        title = "{Extended Limber approximation}",
      journal = {\prd},
     keywords = {98.80.-k, 98.62.Py, 98.80.Es, Cosmology, Distances redshifts radial velocities, spatial distribution of galaxies, Observational cosmology, Astrophysics},
         year = 2008,
        month = dec,
       volume = {78},
       number = {12},
          eid = {123506},
        pages = {123506},
          doi = {10.1103/PhysRevD.78.123506},
archivePrefix = {arXiv},
       eprint = {0809.5112},
 primaryClass = {astro-ph},
       adsurl = {https://ui.adsabs.harvard.edu/abs/2008PhRvD..78l3506L},
      adsnote = {Provided by the SAO/NASA Astrophysics Data System}
}


@ARTICLE{Bond1984,
       author = {{Bond}, J.~R. and {Efstathiou}, G.},
        title = "{Cosmic background radiation anisotropies in universes dominated by nonbaryonic dark matter}",
      journal = {\apjl},
     keywords = {Background Radiation, Big Bang Cosmology, Dark Matter, Elementary Particle Interactions, Galactic Evolution, Mass To Light Ratios, Relic Radiation, Anisotropy, Brightness Temperature, Galactic Clusters, Linear Polarization, Mass Distribution, Neutrinos, Space Radiation},
         year = 1984,
        month = oct,
       volume = {285},
        pages = {L45-L48},
          doi = {10.1086/184362},
       adsurl = {https://ui.adsabs.harvard.edu/abs/1984ApJ...285L..45B},
      adsnote = {Provided by the SAO/NASA Astrophysics Data System}
}

@ARTICLE{Lagos2019,
       author = {{Lagos}, Macarena and {Fishbach}, Maya and {Landry}, Philippe and
         {Holz}, Daniel E.},
        title = "{Standard sirens with a running Planck mass}",
      journal = {\prd},
     keywords = {Astrophysics - Cosmology and Nongalactic Astrophysics},
         year = 2019,
        month = apr,
       volume = {99},
       number = {8},
          eid = {083504},
        pages = {083504},
          doi = {10.1103/PhysRevD.99.083504},
archivePrefix = {arXiv},
       eprint = {1901.03321},
 primaryClass = {astro-ph.CO},
       adsurl = {https://ui.adsabs.harvard.edu/abs/2019PhRvD..99h3504L},
      adsnote = {Provided by the SAO/NASA Astrophysics Data System}
}


%%%% software %%%%%

@article{astropy:2013,
Adsnote = {Provided by the SAO/NASA Astrophysics Data System},
Adsurl = {http://adsabs.harvard.edu/abs/2013A%26A...558A..33A},
Archiveprefix = {arXiv},
Author = {{Astropy Collaboration} and {Robitaille}, T.~P. and {Tollerud}, E.~J. and {Greenfield}, P. and {Droettboom}, M. and {Bray}, E. and {Aldcroft}, T. and {Davis}, M. and {Ginsburg}, A. and {Price-Whelan}, A.~M. and {Kerzendorf}, W.~E. and {Conley}, A. and {Crighton}, N. and {Barbary}, K. and {Muna}, D. and {Ferguson}, H. and {Grollier}, F. and {Parikh}, M.~M. and {Nair}, P.~H. and {Unther}, H.~M. and {Deil}, C. and {Woillez}, J. and {Conseil}, S. and {Kramer}, R. and {Turner}, J.~E.~H. and {Singer}, L. and {Fox}, R. and {Weaver}, B.~A. and {Zabalza}, V. and {Edwards}, Z.~I. and {Azalee Bostroem}, K. and {Burke}, D.~J. and {Casey}, A.~R. and {Crawford}, S.~M. and {Dencheva}, N. and {Ely}, J. and {Jenness}, T. and {Labrie}, K. and {Lim}, P.~L. and {Pierfederici}, F. and {Pontzen}, A. and {Ptak}, A. and {Refsdal}, B. and {Servillat}, M. and {Streicher}, O.},
Doi = {10.1051/0004-6361/201322068},
Eid = {A33},
Eprint = {1307.6212},
Journal = {\aap},
Keywords = {methods: data analysis, methods: miscellaneous, virtual observatory tools},
Month = oct,
Pages = {A33},
Primaryclass = {astro-ph.IM},
Title = {{Astropy: A community Python package for astronomy}},
Volume = 558,
Year = 2013,
Bdsk-Url-1 = {https://dx.doi.org/10.1051/0004-6361/201322068}}

@article{astropy:2018,
Adsnote = {Provided by the SAO/NASA Astrophysics Data System},
Adsurl = {https://ui.adsabs.harvard.edu/#abs/2018AJ....156..123T},
Author = {{Price-Whelan}, A.~M. and {Sip{\H{o}}cz}, B.~M. and {G{\"u}nther}, H.~M. and {Lim}, P.~L. and {Crawford}, S.~M. and {Conseil}, S. and {Shupe}, D.~L. and {Craig}, M.~W. and {Dencheva}, N. and {Ginsburg}, A. and {VanderPlas}, J.~T. and {Bradley}, L.~D. and {P{\'e}rez-Su{\'a}rez}, D. and {de Val-Borro}, M. and {Paper Contributors}, (Primary and {Aldcroft}, T.~L. and {Cruz}, K.~L. and {Robitaille}, T.~P. and {Tollerud}, E.~J. and {Coordination Committee}, (Astropy and {Ardelean}, C. and {Babej}, T. and {Bach}, Y.~P. and {Bachetti}, M. and {Bakanov}, A.~V. and {Bamford}, S.~P. and {Barentsen}, G. and {Barmby}, P. and {Baumbach}, A. and {Berry}, K.~L. and {Biscani}, F. and {Boquien}, M. and {Bostroem}, K.~A. and {Bouma}, L.~G. and {Brammer}, G.~B. and {Bray}, E.~M. and {Breytenbach}, H. and {Buddelmeijer}, H. and {Burke}, D.~J. and {Calderone}, G. and {Cano Rodr{\'\i}guez}, J.~L. and {Cara}, M. and {Cardoso}, J.~V.~M. and {Cheedella}, S. and {Copin}, Y. and {Corrales}, L. and {Crichton}, D. and {D{\textquoteright}Avella}, D. and {Deil}, C. and {Depagne}, {\'E}. and {Dietrich}, J.~P. and {Donath}, A. and {Droettboom}, M. and {Earl}, N. and {Erben}, T. and {Fabbro}, S. and {Ferreira}, L.~A. and {Finethy}, T. and {Fox}, R.~T. and {Garrison}, L.~H. and {Gibbons}, S.~L.~J. and {Goldstein}, D.~A. and {Gommers}, R. and {Greco}, J.~P. and {Greenfield}, P. and {Groener}, A.~M. and {Grollier}, F. and {Hagen}, A. and {Hirst}, P. and {Homeier}, D. and {Horton}, A.~J. and {Hosseinzadeh}, G. and {Hu}, L. and {Hunkeler}, J.~S. and {Ivezi{\'c}}, {\v{Z}}. and {Jain}, A. and {Jenness}, T. and {Kanarek}, G. and {Kendrew}, S. and {Kern}, N.~S. and {Kerzendorf}, W.~E. and {Khvalko}, A. and {King}, J. and {Kirkby}, D. and {Kulkarni}, A.~M. and {Kumar}, A. and {Lee}, A. and {Lenz}, D. and {Littlefair}, S.~P. and {Ma}, Z. and {Macleod}, D.~M. and {Mastropietro}, M. and {McCully}, C. and {Montagnac}, S. and {Morris}, B.~M. and {Mueller}, M. and {Mumford}, S.~J. and {Muna}, D. and {Murphy}, N.~A. and {Nelson}, S. and {Nguyen}, G.~H. and {Ninan}, J.~P. and {N{\"o}the}, M. and {Ogaz}, S. and {Oh}, S. and {Parejko}, J.~K. and {Parley}, N. and {Pascual}, S. and {Patil}, R. and {Patil}, A.~A. and {Plunkett}, A.~L. and {Prochaska}, J.~X. and {Rastogi}, T. and {Reddy Janga}, V. and {Sabater}, J. and {Sakurikar}, P. and {Seifert}, M. and {Sherbert}, L.~E. and {Sherwood-Taylor}, H. and {Shih}, A.~Y. and {Sick}, J. and {Silbiger}, M.~T. and {Singanamalla}, S. and {Singer}, L.~P. and {Sladen}, P.~H. and {Sooley}, K.~A. and {Sornarajah}, S. and {Streicher}, O. and {Teuben}, P. and {Thomas}, S.~W. and {Tremblay}, G.~R. and {Turner}, J.~E.~H. and {Terr{\'o}n}, V. and {van Kerkwijk}, M.~H. and {de la Vega}, A. and {Watkins}, L.~L. and {Weaver}, B.~A. and {Whitmore}, J.~B. and {Woillez}, J. and {Zabalza}, V. and {Contributors}, (Astropy},
Doi = {10.3847/1538-3881/aabc4f},
Eid = {123},
Journal = {\aj},
Keywords = {methods: data analysis, methods: miscellaneous, methods: statistical, reference systems, Astrophysics - Instrumentation and Methods for Astrophysics},
Month = Sep,
Pages = {123},
Primaryclass = {astro-ph.IM},
Title = {{The Astropy Project: Building an Open-science Project and Status of the v2.0 Core Package}},
Volume = {156},
Year = 2018,
Bdsk-Url-1 = {https://doi.org/10.3847/1538-3881/aabc4f}}


@article{camb,
      author         = "Lewis, Antony and Challinor, Anthony and Lasenby,
                        Anthony",
      title          = "{Efficient computation of CMB anisotropies in closed FRW
                        models}",
      journal        = "\apj",
      volume         = "538",
      year           = "2000",
      pages          = "473-476",
      doi            = "10.1086/309179",
      eprint         = "astro-ph/9911177",
      archivePrefix  = "arXiv",
      primaryClass   = "astro-ph",
      SLACcitation   = "%%CITATION = ASTRO-PH/9911177;%%"
}


@ARTICLE{hankel,
       author = {{Murray}, Steven and {Poulin}, Francis},
        title = "{hankel: A Python library for performing simple and accurate Hankel transformations}",
      journal = {The Journal of Open Source Software},
     keywords = {Python, numerical analysis, astronomy, Jupyter Notebook, Astrophysics - Instrumentation and Methods for Astrophysics, Physics - Computational Physics},
         year = 2019,
        month = may,
       volume = {4},
       number = {37},
          eid = {1397},
        pages = {1397},
          doi = {10.21105/joss.01397},
archivePrefix = {arXiv},
       eprint = {1906.01088},
 primaryClass = {astro-ph.IM},
       adsurl = {https://ui.adsabs.harvard.edu/abs/2019JOSS....4.1397M},
      adsnote = {Provided by the SAO/NASA Astrophysics Data System}
}


@Article{Hunter:2007,
  Author    = {Hunter, J. D.},
  Title     = {Matplotlib: A 2D graphics environment},
  Journal   = {Computing in Science \& Engineering},
  Volume    = {9},
  Number    = {3},
  Pages     = {90--95},
  abstract  = {Matplotlib is a 2D graphics package used for Python for
  application development, interactive scripting, and publication-quality
  image generation across user interfaces and operating systems.},
  publisher = {IEEE COMPUTER SOC},
  doi       = {10.1109/MCSE.2007.55},
  year      = 2007
}

@book{numpy,
  title={A guide to NumPy},
  author={Oliphant, Travis E},
  volume={1},
  year={2006},
  publisher={Trelgol Publishing USA}
} 

@software{pandas,
    author       = {The pandas development team},
    title        = {pandas-dev/pandas: Pandas},
    month        = feb,
    year         = 2020,
    publisher    = {Zenodo},
    version      = {latest},
    doi          = {10.5281/zenodo.3509134},
    url          = {https://doi.org/10.5281/zenodo.3509134}
}

@InProceedings{ mckinney-proc-scipy-2010,
  author    = { {W}es {M}c{K}inney },
  title     = { {D}ata {S}tructures for {S}tatistical {C}omputing in {P}ython },
  booktitle = { {P}roceedings of the 9th {P}ython in {S}cience {C}onference },
  pages     = { 56 - 61 },
  year      = { 2010 },
  editor    = { {S}t\'efan van der {W}alt and {J}arrod {M}illman },
  doi       = { 10.25080/Majora-92bf1922-00a }
}

@ARTICLE{scipy,
       author = {{Virtanen}, Pauli and {Gommers}, Ralf and {Oliphant},
         Travis E. and {Haberland}, Matt and {Reddy}, Tyler and
         {Cournapeau}, David and {Burovski}, Evgeni and {Peterson}, Pearu
         and {Weckesser}, Warren and {Bright}, Jonathan and {van der Walt},
         St{\'e}fan J.  and {Brett}, Matthew and {Wilson}, Joshua and
         {Jarrod Millman}, K.  and {Mayorov}, Nikolay and {Nelson}, Andrew
         R.~J. and {Jones}, Eric and {Kern}, Robert and {Larson}, Eric and
         {Carey}, CJ and {Polat}, {\.I}lhan and {Feng}, Yu and {Moore},
         Eric W. and {Vand erPlas}, Jake and {Laxalde}, Denis and
         {Perktold}, Josef and {Cimrman}, Robert and {Henriksen}, Ian and
         {Quintero}, E.~A. and {Harris}, Charles R and {Archibald}, Anne M.
         and {Ribeiro}, Ant{\^o}nio H. and {Pedregosa}, Fabian and
         {van Mulbregt}, Paul and {Contributors}, SciPy 1. 0},
        title = "{SciPy 1.0: Fundamental Algorithms for Scientific
                  Computing in Python}",
      journal = {Nature Methods},
         year = "2020",
       adsurl = {https://rdcu.be/b08Wh},
       doi = {https://doi.org/10.1038/s41592-019-0686-2},
} 

 @software{seaborn,
  author       = {Michael Waskom and
                  Olga Botvinnik and
                  Drew O'Kane and
                  Paul Hobson and
                  Saulius Lukauskas and
                  David C Gemperline and
                  Tom Augspurger and
                  Yaroslav Halchenko and
                  John B. Cole and
                  Jordi Warmenhoven and
                  Julian de Ruiter and
                  Cameron Pye and
                  Stephan Hoyer and
                  Jake Vanderplas and
                  Santi Villalba and
                  Gero Kunter and
                  Eric Quintero and
                  Pete Bachant and
                  Marcel Martin and
                  Kyle Meyer and
                  Alistair Miles and
                  Yoav Ram and
                  Tal Yarkoni and
                  Mike Lee Williams and
                  Constantine Evans and
                  Clark Fitzgerald and
                  Brian and
                  Chris Fonnesbeck and
                  Antony Lee and
                  Adel Qalieh},
  title        = {mwaskom/seaborn: v0.8.1 (September 2017)},
  month        = sep,
  year         = 2017,
  publisher    = {Zenodo},
  version      = {v0.8.1},
  doi          = {10.5281/zenodo.883859},
  url          = {https://doi.org/10.5281/zenodo.883859}
} 

@ARTICLE{Dore2014,
       author = {{Dor{\'e}}, Olivier and {Bock}, Jamie and {Ashby}, Matthew and
         {Capak}, Peter and {Cooray}, Asantha and {de Putter}, Roland and
         {Eifler}, Tim and {Flagey}, Nicolas and {Gong}, Yan and
         {Habib}, Salman and {Heitmann}, Katrin and {Hirata}, Chris and
         {Jeong}, Woong-Seob and {Katti}, Raj and {Korngut}, Phil and
         {Krause}, Elisabeth and {Lee}, Dae-Hee and {Masters}, Daniel and
         {Mauskopf}, Phil and {Melnick}, Gary and {Mennesson}, Bertrand and
         {Nguyen}, Hien and {{\"O}berg}, Karin and {Pullen}, Anthony and
         {Raccanelli}, Alvise and {Smith}, Roger and {Song}, Yong-Seon and
         {Tolls}, Volker and {Unwin}, Steve and {Venumadhav}, Tejaswi and
         {Viero}, Marco and {Werner}, Mike and {Zemcov}, Mike},
        title = "{Cosmology with the SPHEREX All-Sky Spectral Survey}",
      journal = {arXiv e-prints},
     keywords = {Astrophysics - Cosmology and Nongalactic Astrophysics},
         year = 2014,
        month = dec,
          eid = {arXiv:1412.4872},
        pages = {arXiv:1412.4872},
archivePrefix = {arXiv},
       eprint = {1412.4872},
 primaryClass = {astro-ph.CO},
       adsurl = {https://ui.adsabs.harvard.edu/abs/2014arXiv1412.4872D},
      adsnote = {Provided by the SAO/NASA Astrophysics Data System}
}

@ARTICLE{Hu1995,
       author = {{Hu}, Wayne and {Sugiyama}, Naoshi},
        title = "{Toward understanding CMB anisotropies and their implications}",
      journal = {\prd},
     keywords = {98.70.Vc, 98.80.Es, 98.80.Hw, Background radiations, Observational cosmology, Astrophysics},
         year = 1995,
        month = mar,
       volume = {51},
       number = {6},
        pages = {2599-2630},
          doi = {10.1103/PhysRevD.51.2599},
archivePrefix = {arXiv},
       eprint = {astro-ph/9411008},
 primaryClass = {astro-ph},
       adsurl = {https://ui.adsabs.harvard.edu/abs/1995PhRvD..51.2599H},
      adsnote = {Provided by the SAO/NASA Astrophysics Data System}
}

@ARTICLE{Sunyaev1970b,
       author = {{Sunyaev}, R.~A. and {Zeldovich}, Ya. B.},
        title = "{Small scale entropy and adiabatic density perturbations {\textemdash} Antimatter in the Universe}",
      journal = {\apss},
         year = 1970,
        month = dec,
       volume = {9},
       number = {3},
        pages = {368-382},
          doi = {10.1007/BF00649577},
       adsurl = {https://ui.adsabs.harvard.edu/abs/1970Ap&SS...9..368S},
      adsnote = {Provided by the SAO/NASA Astrophysics Data System}
}

@ARTICLE{Press1980,
       author = {{Press}, W.~H. and {Vishniac}, E.~T.},
        title = "{Propagation of adiabatic cosmological perturbations through the ERA of matter-radiation decoupling}",
      journal = {\apj},
     keywords = {Cosmology, Galactic Evolution, Hydrodynamic Equations, Perturbation Theory, Two Fluid Models, Adiabatic Conditions, Conductive Heat Transfer, Differential Equations, Hydrogen Recombinations, Astrophysics},
         year = 1980,
        month = mar,
       volume = {236},
        pages = {323-334},
          doi = {10.1086/157749},
       adsurl = {https://ui.adsabs.harvard.edu/abs/1980ApJ...236..323P},
      adsnote = {Provided by the SAO/NASA Astrophysics Data System}
}