@article{Chevallard2016a,
    title = {{Modelling and interpreting spectral energy distributions of galaxies with BEAGLE}},
    year = {2016},
    journal = {MNRAS},
    author = {Chevallard, Jacopo and Charlot, Stéphane},
    number = {2},
    pages = {1415--1443},
    volume = {462},
    doi = {10.1093/mnras/stw1756},
    issn = {13652966},
    keywords = {Dust, Extinction, Galaxies: evolution, Galaxies: stellar content, HII regions, Methods: data analysis, Methods: statistical}
}

@article{Alloin1979a,
    title = {{Nitrogen and oxygen abundances in galaxies.}},
    year = {1979},
    journal = {A{\&}A},
    author = {Alloin, D. and Collin-Souffrin, S. and Joly, M.; Vigroux, L.},
    pages = {200--216},
    volume = {78},
    url = {https://ui.adsabs.harvard.edu/abs/1979A%26A....78..200A/abstract}
}

@article{Pagel1979,
    title = {{On the composition of H II regions in southern galaxies - I. NGC 300 and 1365}},
    year = {1979},
    journal = {MNRAS},
    author = {Pagel, B. E. J. and Edmunds, M. G. and Blackwell, D. E. and Chun, M. S. and Smith, G.},
    number = {1},
    month = {11},
    pages = {95--113},
    volume = {189},
    url = {https://academic.oup.com/mnras/article-lookup/doi/10.1093/mnras/189.1.95},
    doi = {10.1093/mnras/189.1.95},
    issn = {0035-8711}
}

@article{Vilchez1996,
    title = {{The chemical composition of H ii regions in the outer Galaxy}},
    year = {1996},
    journal = {MNRAS},
    author = {V{\'{i}}lchez, J. M. and Esteban, C.},
    number = {3},
    month = {6},
    pages = {720--734},
    volume = {280},
    url = {https://academic.oup.com/mnras/article-lookup/doi/10.1093/mnras/280.3.720},
    doi = {10.1093/mnras/280.3.720},
    issn = {0035-8711}
}

@article{Boselli20001.65micGalaxies,
    title = {{1.65mic (H-band) surface photometry of galaxies. VI: The history of star formation in normal late-type galaxies}},
    year = {2000},
    journal = {AJ},
    author = {Boselli, Alessandro and Gavazzi, Giuseppe and Donas, Jose and Scodeggio, Marco},
    number = {2},
    month = {11},
    pages = {753--767},
    volume = {121},
    publisher = {IOP Publishing},
    url = {http://arxiv.org/abs/astro-ph/0011016 http://dx.doi.org/10.1086/318734},
    doi = {10.1086/318734},
    arxivId = {astro-ph/0011016},
    keywords = {Astrophysics, Galaxies: Evolution, Galaxies: General, Galaxies: ISM, Galaxies: Spiral, Stars: Formation, Ultraviolet Emission}
}

@article{Mannucci2010AGalaxies,
    title = {{A fundamental relation between mass, SFR and metallicity in local and high redshift galaxies}},
    year = {2010},
    journal = {MNRAS},
    author = {Mannucci, F. and Cresci, G. and Maiolino, R. and Marconi, A. and Gnerucci, A.},
    number = {4},
    month = {4},
    pages = {2115--2127},
    volume = {408},
    url = {http://arxiv.org/abs/1005.0006 http://dx.doi.org/10.1111/j.1365-2966.2010.17291.x},
    doi = {10.1111/j.1365-2966.2010.17291.x},
    issn = {0035-8711},
    arxivId = {1005.0006},
    keywords = {Astrophysics, Cosmology and Nongalactic Astrophysics, galaxies: abundances, galaxies: formation, galaxies: high, galaxies: starburst, redshift}
}

@article{Minchev2009AOverlap,
    title = {{A New Mechanism for Radial Migration in Galactic Disks: Spiral-Bar Resonance Overlap}},
    year = {2009},
    journal = {ApJ},
    author = {Minchev, I. and Famaey, B.},
    number = {1},
    month = {11},
    pages = {112--121},
    volume = {722},
    url = {http://stacks.iop.org/0004-637X/722/i=1/a=112?key=crossref.f8510827209a50d00e955b9477555fda http://arxiv.org/abs/0911.1794 http://dx.doi.org/10.1088/0004-637X/722/1/112},
    doi = {10.1088/0004-637X/722/1/112},
    issn = {0004-637X},
    arxivId = {0911.1794},
    keywords = {Astrophysics, Astrophysics of Galaxies, Cosmology and Nongalactic Astrophysics, galaxies: abundances, galaxies: evolution, galaxies: kinematics and dynamics, galaxies: spiral, solar neighborhood}
}

@article{Charlot2000AGalaxies,
    title = {{A Simple Model for the Absorption of Starlight by Dust in Galaxies}},
    year = {2000},
    journal = {ApJ},
    author = {Charlot, Stephane and Fall, S. Michael},
    number = {2},
    month = {8},
    pages = {718--731},
    volume = {539},
    publisher = {IOP Publishing},
    url = {http://stacks.iop.org/0004-637X/539/i=2/a=718 http://arxiv.org/abs/astro-ph/0003128%0Ahttp://dx.doi.org/10.1086/309250},
    doi = {10.1086/309250},
    issn = {0004-637X},
    arxivId = {astro-ph/0003128}
}

@article{Chiappini2001AbundanceWay,
    title = {{Abundance Gradients and the Formation of the Milky Way}},
    year = {2001},
    journal = {ApJ},
    author = {Chiappini, Cristina and Matteucci, Francesca and Romano, Donatella},
    number = {2},
    month = {6},
    pages = {1044--1058},
    volume = {554},
    publisher = {IOP Publishing},
    url = {https://ui.adsabs.harvard.edu/abs/2001ApJ...554.1044C/abstract},
    doi = {10.1086/321427},
    issn = {0004-637X},
    arxivId = {astro-ph/0102134},
    keywords = {Galaxy, Subject headings, abundances {\`{E}} Galaxy, evolution {\`{E}} Galaxy, formation}
}

@article{Wheeler1989AbundanceMetallicity,
    title = {{Abundance Ratios as a Function of Metallicity}},
    year = {1989},
    journal = {ARA{\&}A},
    author = {Wheeler, J. Craig and Sneden, Christopher and Truran, James W.},
    number = {1},
    month = {9},
    pages = {279--349},
    volume = {27},
    publisher = {Annual Reviews},
    url = {https://ui.adsabs.harvard.edu/abs/1989ARA&A..27..279W/abstract},
    doi = {10.1146/annurev.aa.27.090189.001431},
    issn = {0066-4146},
    keywords = {Abundance, Astrophysics, Carbon, Chemical Evolution, Galactic Evolution, Globular Clusters, Globular Clusters: Chemical Composition, Magellanic Clouds, Magellanic Clouds: Chemical Composition, Metallicity, Milky Way Galaxy, Nitrogen, Oxygen, Stars: Element Abundances, Stars: Nucleosynthesis, Stellar Composition}
}

@article{Bresolin2004AbundancesM51,
    title = {{Abundances of metal-rich H II regions in M51}},
    year = {2004},
    journal = {ApJ},
    author = {Bresolin, Fabio and Garnett, Donald R. and Kennicutt, Robert C.},
    number = {1},
    month = {7},
    pages = {228--241},
    volume = {615},
    publisher = {IOP Publishing},
    url = {http://arxiv.org/abs/astro-ph/0407065 http://dx.doi.org/10.1086/424377},
    doi = {10.1086/424377},
    arxivId = {astro-ph/0407065},
    keywords = {Astrophysics, Galaxies: Abundances, Galaxies: ISM, Galaxies: Individual: NGC Number: NGC 5194, Galaxies: Spiral, ISM: H II Regions}
}

@article{Maiolino2008AMAZE:3,
    title = {{AMAZE: I. The evolution of the mass-metallicity relation at z > 3}},
    year = {2008},
    journal = {A{\&}A},
    author = {Maiolino, R. and Nagao, T. and Grazian, A. and Cocchia, F. and Marconi, A. and Mannucci, F. and Cimatti, A. and Pipino, A. and Ballero, S. and Calura, F. and Chiappini, C. and Fontana, A. and Granato, L. and Matteucci, F. and Pastorini, G. and Pentericci, L. and Risaliti, G. and Salvati, M. and Silva, L.},
    number = {2},
    month = {9},
    pages = {463--479},
    volume = {488},
    doi = {10.1051/0004-6361:200809678},
    issn = {00046361},
    arxivId = {0806.2410},
    keywords = {Galaxies: abundances, Galaxies: evolution, Galaxies: starburst, ISM: abundances, galaxies: high-redshift}
}

@article{Diaz1999AnLines,
    title = {{An empirical calibration of nebular abundances based on the sulphur emission lines}},
    year = {1999},
    journal = {MNRAS},
    author = {D{\'{i}}az, {\'A}ngeles I. and P{\'{e}}rez-Montero, Enrique},
    number = {1},
    month = {9},
    pages = {130--138},
    volume = {312},
    publisher = {Blackwell Publishing Ltd},
    url = {http://arxiv.org/abs/astro-ph/9909492 http://dx.doi.org/10.1046/j.1365-8711.2000.03117.x},
    doi = {10.1046/j.1365-8711.2000.03117.x},
    arxivId = {astro-ph/9909492},
    keywords = {Galaxies: abundances, H II regions, ISM: abundances, ISM: general}
}

@article{Dors2011AnalysingNebulae,
    title = {{Analysing derived metallicities and ionization parameters from model-based determinations in ionized gaseous nebulae}},
    year = {2011},
    journal = {MNRAS},
    author = {Dors, O L. and Krabbe, Angela and H{\"{a}}gele, Guillermo F. and P{\'{e}}rez-Montero, Enrique},
    number = {4},
    month = {8},
    pages = {3616--3626},
    volume = {415},
    doi = {10.1111/j.1365-2966.2011.18978.x},
    issn = {00358711},
    arxivId = {1104.5460},
    keywords = {Galaxies: ISM, Galaxies: abundances, Galaxies: evolution, Galaxies: formation, Galaxies: general}
}

@article{Robitaille2013Astropy:Astronomy,
    title = {{Astropy: A community Python package for astronomy}},
    year = {2013},
    journal = {A{\&}A},
    author = {Robitaille, Thomas P. and Tollerud, Erik J. and Greenfield, Perry and Droettboom, Michael and Bray, Erik and Aldcroft, Tom and Davis, Matt and Ginsburg, Adam and Price-Whelan, Adrian M. and Kerzendorf, Wolfgang E. and Conley, Alexander and Crighton, Neil and Barbary, Kyle and Muna, Demitri and Ferguson, Henry and Grollier, Frédéric and Parikh, Madhura M. and Nair, Prasanth H. and G{\"{u}}nther, Hans M. and Deil, Christoph and Woillez, Julien and Conseil, Simon and Kramer, Roban and Turner, James E.H. and Singer, Leo and Fox, Ryan and Weaver, Benjamin A. and Zabalza, Victor and Edwards, Zachary I. and Azalee Bostroem, K. and Burke, D. J. and Casey, Andrew R. and Crawford, Steven M. and Dencheva, Nadia and Ely, Justin and Jenness, Tim and Labrie, Kathleen and Lim, Pey Lian and Pierfederici, Francesco and Pontzen, Andrew and Ptak, Andy and Refsdal, Brian and Servillat, Mathieu and Streicher, Ole},
    volume = {558},
    doi = {10.1051/0004-6361/201322068},
    issn = {00046361},
    arxivId = {1307.6212},
    keywords = {Methods: data analysis, Methods: miscellaneous, Virtual observatory tools}
}

@article{Stasinska2005BiasesNebulae,
    title = {{Biases in abundance derivations for metal-rich nebulae}},
    year = {2005},
    journal = {A{\&}A},
    author = {Stasi{\'{n}}ska, Grazyna},
    number = {2},
    month = {1},
    pages = {507--520},
    volume = {434},
    url = {http://arxiv.org/abs/astro-ph/0501574 http://dx.doi.org/10.1051/0004-6361:20042216},
    doi = {10.1051/0004-6361:20042216},
    arxivId = {astro-ph/0501574},
    keywords = {Galaxies: ISM, Galaxies: abundances, Galaxies: spiral, ISM: HII regions, ISM: abundances}
}

@article{Oey2000CalibrationAbundances,
    title = {{Calibration of Nebular Emission-line Diagnostics: II. Abundances}},
    year = {2000},
    journal = {ApJ},
    author = {Oey, M. S. and Shields, J. C.},
    number = {2},
    month = {3},
    pages = {687--705},
    volume = {539},
    publisher = {IOP Publishing},
    url = {http://arxiv.org/abs/astro-ph/0003311 http://dx.doi.org/10.1086/309276},
    doi = {10.1086/309276},
    arxivId = {astro-ph/0003311},
    keywords = {Astrophysics, Galaxies: Abundances, Galaxies: ISM, Galaxies: Magellanic Clouds, ISM: Abundances, ISM: H II Regions, ISM: Supernova Remnants}
}

@article{Dopita2016ChemicalDiagnostic,
    title = {{Chemical abundances in high-redshift galaxies: A powerful new emission line diagnostic}},
    year = {2016},
    journal = {Ap{\&}SS},
    author = {Dopita, Michael A. and Kewley, Lisa J. and Sutherland, Ralph S. and Nicholls, David C.},
    number = {2},
    month = {1},
    pages = {1--7},
    volume = {361},
    publisher = {Springer Netherlands},
    url = {http://arxiv.org/abs/1601.01337 http://dx.doi.org/10.1007/s10509-016-2657-8},
    doi = {10.1007/s10509-016-2657-8},
    arxivId = {1601.01337},
    keywords = {Emission lines, Galaxies: chemical abundances, Galaxies: high redshift, HII regions}
}

@article{Hayden2015CHEMICALDISK,
    title = {{CHEMICAL CARTOGRAPHY with APOGEE: METALLICITY DISTRIBUTION FUNCTIONS and the CHEMICAL STRUCTURE of the MILKY WAY DISK}},
    year = {2015},
    journal = {ApJ},
    author = {Hayden, Michael R. and Bovy, Jo and Holtzman, Jon A. and Nidever, David L. and Bird, Jonathan C. and Weinberg, David H. and Andrews, Brett H. and Majewski, Steven R. and Prieto, Carlos Allende and Anders, Friedrich and Beers, Timothy C. and Bizyaev, Dmitry and Chiappini, Cristina and Cunha, Katia and Frinchaboy, Peter and Garc{\'{i}}a-Her{\'{n}}andez, D. A. and Garc{\'{i}}a P{\'{e}} Rez, Ana E. and Girardi, Léo and Harding, Paul and Hearty, Fred R. and Johnson, Jennifer A. and M{\'{e}}sz{\'{a}}ros, Szabolcs and Minchev, Ivan and O'Connell, Robert and Pan, Kaike and Robin, Annie C. and Schiavon, Ricardo P. and Schneider, Donald P. and Schultheis, Mathias and Shetrone, Matthew and Skrutskie, Michael and Steinmetz, Matthias and Smith, Verne and Wilson, John C. and Zamora, Olga and Zasowski, Gail},
    number = {2},
    month = {8},
    pages = {132},
    volume = {808},
    publisher = {Institute of Physics Publishing},
    url = {https://ui.adsabs.harvard.edu/abs/2015ApJ...808..132H/abstract},
    doi = {10.1088/0004-637X/808/2/132},
    issn = {15384357},
    keywords = {Galaxy: abundances, Galaxy: disk, Galaxy: evolution, Galaxy: stellar content, Galaxy: structure}
}

@article{DeLucia2004ChemicalModel,
    title = {{Chemical enrichment of the intracluster and intergalactic medium in a hierarchical galaxy formation model}},
    year = {2004},
    journal = {MNRAS},
    author = {De Lucia, Gabriella and Kauffmann, Guinevere and White, Simon D.M.},
    number = {3},
    month = {4},
    pages = {1101--1116},
    volume = {349},
    doi = {10.1111/j.1365-2966.2004.07584.x},
    issn = {00358711},
    arxivId = {astro-ph/0310268},
    keywords = {Galaxies: clusters: general, Galaxies: evolution, Galaxies: formation, Galaxies: stellar content, Intergalactic medium}
}

@article{Kobulnicky1998Chemical0.5,
    title = {{Chemical Properties of Star-Forming Emission Line Galaxies at z=0.1 - 0.5}},
    year = {1998},
    journal = {ApJ},
    author = {Kobulnicky, Henry A. and Zaritsky, Dennis},
    number = {1},
    month = {8},
    pages = {118--135},
    volume = {511},
    publisher = {IOP Publishing},
    url = {http://arxiv.org/abs/astro-ph/9808081 http://dx.doi.org/10.1086/306673},
    doi = {10.1086/306673},
    arxivId = {astro-ph/9808081},
    keywords = {Astrophysics, GALAXIES: ABUNDANCES, GALAXIES: EVOLUTION, GALAXIES: ISM, GALAXIES: STARBURST, Galaxies: Abundances, Galaxies: Evolution, Galaxies: ISM, Galaxies: Starburst}
}

@article{Baldwin1981ClassificationObjects,
    title = {{Classification parameters for the emission-line spectra of extragalactic objects}},
    year = {1981},
    journal = {PASP},
    author = {Baldwin, J. A. and Phillips, M. M. and Terlevich, R.},
    month = {2},
    pages = {5--19},
    volume = {93},
    url = {http://iopscience.iop.org/article/10.1086/130766},
    doi = {10.1086/130766},
    issn = {0004-6280},
    keywords = {Astronomical Spectroscopy, Astrophysics, Classifications, Emission Spectra, H Ii Regions, Line Spectra, Photoionization, Planetary Nebulae, Quasars, Seyfert Galaxies, Shock Heating}
}

@article{Feltzing2020ConstrainingStudy,
    title = {{Constraining churning and blurring in the Milky Way using large spectroscopic surveys – an exploratory study}},
    year = {2020},
    journal = {MNRAS},
    author = {Feltzing, Sofia and Bowers, J. Bradley and Agertz, Oscar},
    number = {1},
    month = {3},
    pages = {1419--1433},
    volume = {493},
    url = {http://arxiv.org/abs/1907.08011 https://academic.oup.com/mnras/article/493/1/1419/5731861},
    doi = {10.1093/mnras/staa340},
    issn = {0035-8711},
    arxivId = {1907.08011}
}

@article{Tinsley1974ConstraintsNeighborhood,
    title = {{Constraints on models for chemical evolution in the solar neighborhood}},
    year = {1974},
    journal = {ApJ},
    author = {Tinsley, B. M.},
    month = {9},
    pages = {629},
    volume = {192},
    publisher = {American Astronomical Society},
    url = {https://ui.adsabs.harvard.edu/abs/1974ApJ...192..629T/abstract},
    doi = {10.1086/153099},
    issn = {0004-637X},
    keywords = {Subject headings, abundances}
}

@article{Madau2014CosmicHistory,
    title = {{Cosmic Star-Formation History}},
    year = {2014},
    journal = {ARA{\&}A},
    author = {Madau, Piero and Dickinson, Mark},
    number = {1},
    month = {8},
    pages = {415--486},
    volume = {52},
    publisher = {Annual Reviews},
    url = {www.annualreviews.org},
    doi = {10.1146/annurev-astro-081811-125615},
    issn = {0066-4146},
    arxivId = {1403.0007},
    keywords = {cosmology, evolution, galaxy formation, star formation, stellar populations}
}

@article{Maiolino2019DeGalaxies,
    title = {{De re metallica: the cosmic chemical evolution of galaxies}},
    year = {2019},
    journal = {A{\&}A Rev.},
    author = {Maiolino, R. and Mannucci, F.},
    number = {1},
    month = {12},
    pages = {3},
    volume = {27},
    publisher = {Springer Verlag},
    doi = {10.1007/s00159-018-0112-2},
    issn = {09354956},
    arxivId = {1811.09642},
    keywords = {Chemical abundances, Galaxy evolution, Galaxy formation, Galaxy metallicity}
}

@article{Gilbert2019ElementalStream,
    title = {{Elemental Abundances in M31: First Alpha and Iron Abundance Measurements in M31's Giant Stellar Stream}},
    year = {2019},
    journal = {ApJ},
    author = {Gilbert, Karoline M. and Kirby, Evan N. and Escala, Ivanna and Wojno, Jennifer and Kalirai, Jason S. and Guhathakurta, Puragra},
    number = {2},
    month = {8},
    pages = {128},
    volume = {883},
    url = {http://arxiv.org/abs/1908.04429 http://dx.doi.org/10.3847/1538-4357/ab3807},
    doi = {10.3847/1538-4357/ab3807},
    arxivId = {1908.04429},
    keywords = {galaxies: halos, galaxies: individual (M31), stars: abundances, stars: kinematics and dynamics, techniques: spectroscopic}
}

@article{Skillman1989EmpiricalRegions,
    title = {{Empirical oxygen abundances and physical conditions for relatively low abundance H II regions}},
    year = {1989},
    journal = {ApJ},
    author = {Skillman, Evan D.},
    month = {12},
    pages = {883},
    volume = {347},
    publisher = {IOP Publishing},
    doi = {10.1086/168179},
    issn = {0004-637X},
    keywords = {Abundance, Astrophysics, Cosmochemistry, Emission Spectra, Forbidden Transitions, GALAXIES: ABUNDANCES, H Ii Regions, Interstellar Chemistry, Interstellar Gas, Ionization, NEBULAE: H II REGIONS, Oxygen, Stellar Temperature, Sulfur}
}

@article{Minchev2018EstimatingGradient,
    title = {{Estimating stellar birth radii and the time evolution of Milky Way’s ISM metallicity gradient}},
    year = {2018},
    journal = {MNRAS},
    author = {Minchev, I and Anders, F and Recio-Blanco, A and Chiappini, C and de Laverny, P and Queiroz, A and Steinmetz, M and Adibekyan, V and Carrillo, I and Cescutti, G and Guiglion, G and Hayden, M and de Jong, R S and Kordopatis, G and Majewski, S R and Martig, M and Santiago, B X and Martig, M. and Santiago, B. X.},
    number = {2},
    month = {12},
    pages = {1645--1657},
    volume = {481},
    url = {https://academic.oup.com/mnras/article/481/2/1645/5063589},
    doi = {10.1093/mnras/sty2033},
    issn = {0035-8711},
    keywords = {Astrophysics, Astrophysics of Galaxies, Galaxy: abundances, Galaxy: disc, Galaxy: evolution, Galaxy: formation, Galaxy: kinematics and dynamics, Galaxy: solar neighbourhood, ISM: abundances, galaxies: ISM}
}

@article{Tinsley1980EvolutionGalaxies,
    title = {{Evolution of the Stars and Gas in Galaxies}},
    year = {1980},
    journal = {Fund. Cosmic Phys.},
    author = {Tinsley, B. M.},
    pages = {287--388},
    volume = {5}
}

@article{Vazdekis2010EvolutionarySystem,
    title = {{Evolutionary Stellar Population Synthesis with MILES. Part I: The Base Models and a New Line Index System}},
    year = {2010},
    journal = {MNRAS},
    author = {Vazdekis, A. and S{\'{a}}nchez-Bl{\'{a}}zquez, P. and Falc{\'{o}}n-Barroso, J. and Cenarro, A. J. and Beasley, M. A. and Cardiel, N. and Gorgas, J. and Peletier, R. F.},
    month = {4},
    pages = {1639},
    volume = {404},
    url = {https://academic.oup.com/mnras/article-lookup/doi/10.1111/j.1365-2966.2010.16407.x http://arxiv.org/abs/1004.4439 http://dx.doi.org/10.1111/j.1365-2966.2010.16407.x},
    doi = {10.1111/j.1365-2966.2010.16407.x},
    issn = {00358711},
    arxivId = {1004.4439},
    keywords = {Astrophysics, Cosmology and Extragalactic Astrophysics}
}

@article{Girardi1999Evolutionary0.03,
    title = {{Evolutionary tracks and isochrones for low- and intermediate-mass stars: from 0.15 to 7 M{\_}sun, and from Z=0.0004 to 0.03}},
    year = {1999},
    journal = {A{\&}AS},
    author = {Girardi, Leo and Bressan, Alessandro and Bertelli, Gianpaolo and Chiosi, Cesare},
    number = {3},
    month = {10},
    pages = {371--383},
    volume = {141},
    url = {http://aas.aanda.org/10.1051/aas:2000126 http://arxiv.org/abs/astro-ph/9910164 http://dx.doi.org/10.1051/aas:2000126},
    doi = {10.1051/aas:2000126},
    issn = {0365-0138},
    arxivId = {astro-ph/9910164},
    keywords = {Astrophysics, MASS, RUSSELL (HR) DIAGRAM, STARS: EVOLUTION, STARS: HERTZSPRUNG, STARS: INTERIORS, STARS: LOW}
}

@article{Belfiore2019FromGradients,
    title = {{From 'bathtub' galaxy evolution models to metallicity gradients}},
    year = {2019},
    journal = {MNRAS},
    author = {Belfiore, F. and Vincenzo, F. and Maiolino, R. and Matteucci, F.},
    number = {1},
    pages = {456--474},
    volume = {487},
    publisher = {Oxford University Press},
    url = {https://ui.adsabs.harvard.edu/abs/2019MNRAS.487..456B/abstract},
    doi = {10.1093/mnras/stz1165},
    issn = {13652966},
    arxivId = {1903.05105},
    keywords = {Galaxies: Abundances, Galaxies: Evolution, Galaxies: ISM}
}

@article{Manning2018FromGiants,
    title = {{From K giants to G dwarfs: Stellar lifetime effects on metallicity distributions derived from red giants}},
    year = {2018},
    journal = {MNRAS},
    author = {Manning, Ellen M. and Cole, Andrew A.},
    number = {4},
    pages = {4194--4205},
    volume = {471},
    publisher = {Oxford University Press},
    url = {https://academic.oup.com/mnras/article/471/4/4194/4035915},
    doi = {10.1093/mnras/stx1854},
    issn = {13652966},
    arxivId = {1708.01826},
    keywords = {Galaxies: evolution, Stars: evolution, Stars: low-mass}
}

@article{Fraser-McKelvie2019FromGalaxy,
    title = {{From the Outside Looking in: What can Milky Way Analogues Tell us About the Star Formation Rate of Our Own Galaxy?}},
    year = {2019},
    journal = {MNRAS},
    author = {Fraser-McKelvie, Amelia and Merrifield, Michael and Arag{\'{o}}n-Salamanca, Alfonso},
    number = {4},
    month = {9},
    pages = {5030--5036},
    volume = {489},
    url = {http://arxiv.org/abs/1909.01654 http://dx.doi.org/10.1093/mnras/stz2493},
    doi = {10.1093/mnras/stz2493},
    issn = {0035-8711},
    arxivId = {1909.01654},
    keywords = {Astrophysics, Astrophysics of Galaxies, Galaxy: general, galaxies: evolution, galaxies: general, galaxies: spiral, galaxies: star formation}
}

@article{Fraser-McKelvie2019FromGalaxyb,
    title = {{From the Outside Looking in: What can Milky Way Analogues Tell us About the Star Formation Rate of Our Own Galaxy?}},
    year = {2019},
    journal = {MNRAS},
    author = {Fraser-McKelvie, Amelia and Merrifield, Michael and Arag{\'{o}}n-Salamanca, Alfonso},
    number = {4},
    month = {9},
    pages = {5030--5036},
    volume = {489},
    url = {http://arxiv.org/abs/1909.01654 http://dx.doi.org/10.1093/mnras/stz2493},
    doi = {10.1093/mnras/stz2493},
    issn = {0035-8711},
    arxivId = {1909.01654},
    keywords = {Astrophysics, Astrophysics of Galaxies, Galaxy: general, galaxies: evolution, galaxies: general, galaxies: spiral, galaxies: star formation}
}

@book{Binney1998GalacticAstronomy,
    title = {{Galactic Astronomy}},
    year = {1998},
    booktitle = {Galactic Astronomy},
    author = {Binney, James and Merrifield, Michael},
    publisher = {Princeton University Press, Princeton}
}

@article{Chabrier2003GalacticFunction,
    title = {{Galactic Stellar and Substellar Initial Mass Function}},
    year = {2003},
    journal = {PASP},
    author = {Chabrier, Gilles},
    number = {809},
    month = {7},
    pages = {763--795},
    volume = {115},
    publisher = {IOP Publishing},
    url = {http://iopscience.iop.org/article/10.1086/376392},
    doi = {10.1086/376392},
    issn = {0004-6280}
}

@article{Chabrier2003GalacticFunctionb,
    title = {{Galactic Stellar and Substellar Initial Mass Function}},
    year = {2003},
    journal = {PASP},
    author = {Chabrier, Gilles},
    number = {809},
    month = {7},
    pages = {763--795},
    volume = {115},
    publisher = {IOP Publishing},
    url = {http://iopscience.iop.org/article/10.1086/376392},
    doi = {10.1086/376392},
    issn = {0004-6280}
}

@article{Baldry2006GalaxyEnvironment,
    title = {{Galaxy bimodality versus stellar mass and environment}},
    year = {2006},
    journal = {MNRAS},
    author = {Baldry, I. K. and Balogh, M. L. and Bower, R. G. and Glazebrook, K. and Nichol, R. C. and Bamford, S. P. and Budavari, T.},
    number = {2},
    month = {12},
    pages = {469--483},
    volume = {373},
    url = {http://www.astro.livjm.ac.uk/},
    doi = {10.1111/j.1365-2966.2006.11081.x},
    issn = {00358711},
    arxivId = {astro-ph/0607648},
    keywords = {Galaxies: evolution, Galaxies: fundamental parameters, Galaxies: luminosity function, mass function}
}

@article{Dave2011GalaxyFractions,
    title = {{Galaxy evolution in cosmological simulations with outflows - II. Metallicities and gas fractions}},
    year = {2011},
    journal = {MNRAS},
    author = {Dav{\'{e}}, Romeel and Finlator, Kristian and Oppenheimer, Benjamin D.},
    number = {2},
    month = {9},
    pages = {1354--1376},
    volume = {416},
    doi = {10.1111/j.1365-2966.2011.19132.x},
    issn = {00358711},
    arxivId = {1104.3156},
    keywords = {Galaxies: abundances, Galaxies: evolution, Galaxies: formation, Galaxies: high-redshift, Galaxies: statistics, Methods: numerical}
}

@article{Willett2013GalaxySurvey,
    title = {{Galaxy Zoo 2: detailed morphological classifications for 304,122 galaxies from the Sloan Digital Sky Survey}},
    year = {2013},
    journal = {MNRAS},
    author = {Willett, Kyle W. and Lintott, Chris J. and Bamford, Steven P. and Masters, Karen L. and Simmons, Brooke D. and Casteels, Kevin R. V. and Edmondson, Edward M. and Fortson, Lucy F. and Kaviraj, Sugata and Keel, William C. and Melvin, Thomas and Nichol, Robert C. and Raddick, M. Jordan and Schawinski, Kevin and Simpson, Robert J. and Skibba, Ramin A. and Smith, Arfon M. and Thomas, Daniel},
    number = {4},
    month = {8},
    pages = {2835--2860},
    volume = {435},
    url = {http://arxiv.org/abs/1308.3496 http://dx.doi.org/10.1093/mnras/stt1458},
    doi = {10.1093/mnras/stt1458},
    arxivId = {1308.3496}
}

@article{Hart2017GalaxyAngles,
    title = {{Galaxy Zoo and SPARCFIRE: Constraints on spiral arm formation mechanisms from spiral arm number and pitch angles}},
    year = {2017},
    journal = {MNRAS},
    author = {Hart, Ross E. and Bamford, Steven P. and Hayes, Wayne B. and Cardamone, Carolin N. and Keel, William C. and Kruk, Sandor J. and Lintott, Chris J. and Masters, Karen L. and Simmons, Brooke D. and Smethurst, Rebecca J.},
    number = {2},
    pages = {2263--2279},
    volume = {472},
    publisher = {Oxford University Press},
    doi = {10.1093/MNRAS/STX2137},
    issn = {13652966},
    arxivId = {1708.04628},
    keywords = {Galaxies: general, Galaxies: spiral, Galaxies: structure, Methods: data analysis}
}

@article{Hart2016GalaxyBias,
    title = {{Galaxy Zoo: comparing the demographics of spiral arm number and a new method for correcting redshift bias}},
    year = {2016},
    journal = {MNRAS},
    author = {Hart, Ross E. and Bamford, Steven P. and Willett, Kyle W. and Masters, Karen L. and Cardamone, Carolin and Lintott, Chris J. and Mackay, Robert J. and Nichol, Robert C. and Rosslowe, Christopher K. and Simmons, Brooke D. and Smethurst, Rebecca J},
    number = {4},
    month = {7},
    pages = {3663--3682},
    volume = {461},
    url = {https://academic.oup.com/mnras/article-lookup/doi/10.1093/mnras/stw1588},
    doi = {10.1093/mnras/stw1588},
    arxivId = {1607.01019},
    keywords = {Astrophysics, Astrophysics of Galaxies, galaxies: formation, galaxies: general, galaxies: spiral, galaxies: structure, methods: data analysis}
}

@article{Masters2019GalaxyWinding,
    title = {{Galaxy Zoo: Unwinding the winding problem - Observations of spiral bulge prominence and arm pitch angles suggest local spiral galaxies are winding}},
    year = {2019},
    journal = {MNRAS},
    author = {Masters, Karen L. and Lintott, Chris J. and Hart, Ross E. and Kruk, Sandor J. and Smethurst, Rebecca J. and Casteels, Kevin V. and Keel, William C. and Simmons, Brooke D. and Stanescu, Dennis O. and Tate, Jean and Tomi, Satoshi},
    number = {2},
    pages = {1808--1820},
    volume = {487},
    publisher = {Oxford University Press},
    doi = {10.1093/mnras/stz1153},
    issn = {13652966},
    arxivId = {1904.11436},
    keywords = {Galaxies: bulges, Galaxies: spiral, Galaxies: structure}
}

@article{McGaugh1996GasGalaxies,
    title = {{Gas Mass Fractions and the Evolution of Spiral Galaxies}},
    year = {1996},
    journal = {ApJ},
    author = {McGaugh, Stacy S. and de Blok, W. J. G.},
    number = {2},
    month = {12},
    pages = {689--702},
    volume = {481},
    publisher = {IOP Publishing},
    url = {http://arxiv.org/abs/astro-ph/9612070 http://dx.doi.org/10.1086/304100},
    doi = {10.1086/304100},
    arxivId = {astro-ph/9612070},
    keywords = {Astrophysics, Galaxies: Evolution, Galaxies: Fundamental Parameters, Galaxies: ISM, Galaxies: Spiral}
}

@article{McGaugh1997GasGalaxies,
    title = {{Gas Mass Fractions and the Evolution of Spiral Galaxies}},
    year = {1997},
    journal = {ApJ},
    author = {McGaugh, Stacy S. and de Blok, W. J. G.},
    number = {2},
    month = {12},
    pages = {689--702},
    volume = {481},
    publisher = {IOP Publishing},
    url = {http://arxiv.org/abs/astro-ph/9612070 http://dx.doi.org/10.1086/304100},
    doi = {10.1086/304100},
    arxivId = {astro-ph/9612070},
    keywords = {Astrophysics, Galaxies: Evolution, Galaxies: Fundamental Parameters, Galaxies: ISM, Galaxies: Spiral}
}

@article{Nagao2006GasGalaxies,
    title = {{Gas metallicity diagnostics in star-forming galaxies}},
    year = {2006},
    journal = {A{\&}A},
    author = {Nagao, T. and Maiolino, R. and Marconi, A.},
    number = {1},
    month = {11},
    pages = {85--101},
    volume = {459},
    doi = {10.1051/0004-6361:20065216},
    issn = {00046361},
    arxivId = {astro-ph/0603580},
    keywords = {Galaxies: ISM, Galaxies: abundances, Galaxies: evolution, Galaxies: general, HII regions}
}

@article{Lilly2013Gas-regulationHaloes,
    title = {{Gas-regulation of galaxies: the evolution of the cosmic sSFR, the metallicity-mass-SFR relation and the stellar content of haloes}},
    year = {2013},
    journal = {ApJ},
    author = {Lilly, Simon J. and Carollo, C. Marcella and Pipino, Antonio and Renzini, Alvio and Peng, Yingjie},
    number = {2},
    month = {3},
    pages = {119},
    volume = {772},
    url = {http://arxiv.org/abs/1303.5059 http://dx.doi.org/10.1088/0004-637X/772/2/119},
    doi = {10.1088/0004-637X/772/2/119},
    arxivId = {1303.5059},
    keywords = {Astrophysics, Cosmology and Nongalactic Astrophysics, dark matter, galaxies: ISM, galaxies: abundances, galaxies: evolution, galaxies: halos}
}

@article{Cacho2014Gaseous-phaseGalaxies,
    title = {{Gaseous-phase metallicities and stellar populations in the centres of barred galaxies}},
    year = {2014},
    journal = {MNRAS},
    author = {Cacho, R. and S{\'{a}}nchez-Bl{\'{a}}zquez, P. and Gorgas, J. and P{\'{e}}rez, I.},
    number = {3},
    pages = {2496--2510},
    volume = {442},
    publisher = {Oxford University Press},
    doi = {10.1093/mnras/stu935},
    issn = {13652966},
    arxivId = {1406.6885},
    keywords = {Galaxies abundances, Galaxies evolution}
}

@article{Halliday2008GMASSMetallicity,
    title = {{GMASS Ultradeep Spectroscopy of Galaxies at redshift z{\~{}}2. I. The stellar metallicity}},
    year = {2008},
    journal = {A{\&}A},
    author = {Halliday, C. and Daddi, E. and Cimatti, A. and Kurk, J. and Renzini, A. and Mignoli, M. and Bolzonella, M. and Pozzetti, L. and Dickinson, M. and Zamorani, G. and Berta, S. and Franceschini, A. and Cassata, P. and Rodighiero, G. and Rosati, P.},
    number = {2},
    month = {1},
    pages = {417--425},
    volume = {479},
    url = {http://arxiv.org/abs/0801.1193 http://dx.doi.org/10.1051/0004-6361:20078673},
    doi = {10.1051/0004-6361:20078673},
    arxivId = {0801.1193},
    keywords = {Galaxies: abundances, Galaxies: evolution, Galaxies: formation, Galaxies: high-redshift, Galaxies: starburst, Methods: observational}
}

@article{McGaugh1991HRatios,
    title = {{H II region abundances - Model oxygen line ratios}},
    year = {1991},
    journal = {ApJ},
    author = {McGaugh, Stacy S.},
    month = {10},
    pages = {140},
    volume = {380},
    publisher = {IOP Publishing},
    doi = {10.1086/170569},
    issn = {0004-637X},
    keywords = {Abundance, Astrophysics, Forbidden Bands, H Ii Regions, Line Spectra, NEBULAE: ABUNDANCES, NEBULAE: H II REGIONS, Oxygen Spectra, Star Clusters, Stellar Spectra}
}

@article{Zaritsky1994HGalaxies,
    title = {{H II regions and the abundance properties of spiral galaxies}},
    year = {1994},
    journal = {ApJ},
    author = {Zaritsky, Dennis and Kennicutt, Robert C., Jr. and Huchra, John P.},
    month = {1},
    pages = {87},
    volume = {420},
    publisher = {IOP Publishing},
    doi = {10.1086/173544},
    issn = {0004-637X},
    keywords = {Abundance, Astrophysics, Disk Galaxies, Emission Spectra, GALAXIES: ABUNDANCES, GALAXIES: SPIRAL, H Ii Regions, ISM: H II REGIONS, Irregular Galaxies, Metallicity, Oxygen, Spiral Galaxies, Stellar Luminosity}
}

@article{Blanton2011ImprovedImages,
    title = {{Improved background subtraction for the Sloan Digital Sky Survey images}},
    year = {2011},
    journal = {AJ},
    author = {Blanton, Michael R. and Kazin, Eyal and Muna, Demitri and Weaver, Benjamin A. and Price-Whelan, Adrian},
    number = {1},
    month = {5},
    pages = {31},
    volume = {142},
    url = {http://stacks.iop.org/1538-3881/142/i=1/a=31?key=crossref.65450a509fc00ab197f8d47b5f695afc http://arxiv.org/abs/1105.1960 http://dx.doi.org/10.1088/0004-6256/142/1/31},
    doi = {10.1088/0004-6256/142/1/31},
    issn = {0004-6256},
    arxivId = {1105.1960},
    keywords = {Astrophysics, Instrumentation and Methods for Astrophysics, atmospheric effects, galaxies: photometry, methods: data analysis, techniques: image processing}
}

@article{Mould1978InfraredDwarfs,
    title = {{Infrared spectroscopy of M dwarfs}},
    year = {1978},
    journal = {ApJ},
    author = {Mould, J. R.},
    month = {12},
    pages = {923},
    volume = {226},
    publisher = {IOP Publishing},
    url = {https://ui.adsabs.harvard.edu/abs/1978ApJ...226..923M/abstract},
    doi = {10.1086/156673},
    issn = {0004-637X},
    keywords = {Abundance, Astronomical Spectroscopy, Astrophysics, Atomic Spectra, Element Abundances:M Dwarfs, Fourier Transformation, G Stars, Hertzsprung, High Resolution, Infrared Spectra:M Dwarfs, Infrared Spectroscopy, Late Stars, M Dwarfs:Metal Content, M Stars, Main Sequence Stars, Molecular Spectra, Russell Diagram, Spectrum Analysis, Stellar Luminosity, Stellar Spectrophotometry, Subdwarf Stars}
}

@article{Thomas2018InterrogatingAbundances,
    title = {{Interrogating Seyferts with NebulaBayes: Spatially Probing the Narrow-line Region Radiation Fields and Chemical Abundances}},
    year = {2018},
    journal = {ApJ},
    author = {Thomas, Adam D. and Dopita, Michael A. and Kewley, Lisa J. and Groves, Brent A. and Sutherland, Ralph S. and Hopkins, Andrew M. and Blanc, Guillermo A.},
    number = {2},
    month = {3},
    pages = {89},
    volume = {856},
    publisher = {American Astronomical Society},
    doi = {10.3847/1538-4357/aab3db},
    issn = {1538-4357},
    arxivId = {1803.00740}
}

@article{Perez-Montero2017IonizedMethod,
    title = {{Ionized Gaseous Nebulae Abundance Determination from the Direct Method}},
    year = {2017},
    journal = {PASP},
    author = {P{\'{e}}rez-Montero, Enrique},
    number = {974},
    month = {4},
    pages = {043001},
    volume = {129},
    doi = {10.1088/1538-3873/AA5ABB},
    issn = {0004-6280},
    keywords = {Astrophysics, Astrophysics of Galaxies}
}

@article{Blanc2015IZI:Statistics,
    title = {{IZI: Inferring the gas phase metallicity (Z) and ionization parameter (q) of ionized nebulae using bayesian statistics}},
    year = {2015},
    journal = {ApJ},
    author = {Blanc, Guillermo A. and Kewley, Lisa and Vogt, Frédéric P.A. and Dopita, Michael A.},
    number = {2},
    month = {1},
    pages = {99},
    volume = {798},
    publisher = {Institute of Physics Publishing},
    doi = {10.1088/0004-637X/798/2/99},
    issn = {15384357},
    arxivId = {1410.8146},
    keywords = {Hii regions, ISM: abundances, astrochemistry, galaxies: ISM, galaxies: abundances}
}

@article{Blanton2006K-correctionsInfrared,
    title = {{K-corrections and filter transformations in the ultraviolet, optical, and near infrared}},
    year = {2006},
    journal = {AJ},
    author = {Blanton, Michael R. and Roweis, Sam},
    number = {2},
    month = {6},
    pages = {734--754},
    volume = {133},
    url = {http://arxiv.org/abs/astro-ph/0606170 http://dx.doi.org/10.1086/510127},
    doi = {10.1086/510127},
    issn = {0004-6256},
    arxivId = {astro-ph/0606170},
    keywords = {Astrophysics, galaxies: fundamental parameters, galaxies: photometry, galaxies: statistics}
}

@article{Cherinka2018Marvin:Set,
    title = {{Marvin: A Toolkit for Streamlined Access and Visualization of the SDSS-IV MaNGA Data Set}},
    year = {2018},
    journal = {AJ},
    author = {Cherinka, Brian and Andrews, Brett H. and S{\'{a}}nchez-Gallego, José and Brownstein, Joel and Argudo-Fern{\'{a}}ndez, María and Blanton, Michael and Bundy, Kevin and Jones, Amy and Masters, Karen and Law, David R. and Rowlands, Kate and Weijmans, Anne-Marie and Westfall, Kyle and Yan, Renbin},
    number = {2},
    month = {12},
    pages = {74},
    volume = {158},
    url = {http://arxiv.org/abs/1812.03833 http://arxiv.org/abs/1812.03833},
    doi = {10.3847/1538-3881/ab2634},
    arxivId = {1812.03833}
}

@article{Hunter2007Matplotlib:Environment,
    title = {{Matplotlib: A 2D Graphics Environment}},
    year = {2007},
    journal = {Comput. Sci. Eng.},
    author = {Hunter, John D.},
    number = {3},
    pages = {90--95},
    volume = {9},
    doi = {http://dx.doi.org/10.1109/MCSE.2007.55}
}

@article{Frankel2018MeasuringDisk,
    title = {{Measuring Radial Orbit Migration in the Milky Way Disk}},
    year = {2018},
    journal = {ApJ},
    author = {Frankel, Neige and Rix, Hans-Walter and Ting, Yuan-Sen and Ness, Melissa K. and Hogg, David W.},
    number = {2},
    month = {5},
    pages = {96},
    volume = {865},
    url = {http://stacks.iop.org/0004-637X/865/i=2/a=96?key=crossref.46df270f6dc2ef74aa26ecf8fbf75c01 http://arxiv.org/abs/1805.09198 http://dx.doi.org/10.3847/1538-4357/aadba5},
    doi = {10.3847/1538-4357/aadba5},
    issn = {1538-4357},
    arxivId = {1805.09198},
    keywords = {Astrophysics, Astrophysics of Galaxies, Galaxy: abundances, Galaxy: disk, Galaxy: evolution, Galaxy: formation, ISM: abundances, stars: abundances}
}

@article{Kobulnicky2004MetallicitiesField,
    title = {{Metallicities of 0.3 < z < 1.0 Galaxies in the GOODS‐North Field}},
    year = {2004},
    journal = {ApJ},
    author = {Kobulnicky, Henry A. and Kewley, Lisa J.},
    number = {1},
    month = {12},
    pages = {240--261},
    volume = {617},
    publisher = {IOP Publishing},
    doi = {10.1086/425299},
    issn = {0004-637X},
    arxivId = {astro-ph/0408128},
    keywords = {Astrophysics, Galaxies: Abundances, Galaxies: Evolution, Galaxies: Fundamental Parameters, Galaxies: Starburst, ISM: Abundances, ISM: H II Regions}
}

@article{Kewley2005MetallicityFlows,
    title = {{Metallicity and Nuclear Star Formation in Nearby Galaxy Pairs: Evidence for Tidally Induced Gas Flows}},
    year = {2005},
    journal = {AJ},
    author = {Kewley, L. J. and Geller, M. J. and Barton, E. J.},
    number = {4},
    month = {11},
    pages = {2004--2017},
    volume = {131},
    publisher = {IOP Publishing},
    url = {http://arxiv.org/abs/astro-ph/0511119 http://dx.doi.org/10.1086/500295},
    doi = {10.1086/500295},
    arxivId = {astro-ph/0511119},
    keywords = {Astrophysics, Galaxies: Abundances, Galaxies: Fundamental Parameters, Galaxies: High, Galaxies: Starburst, Redshift}
}

@article{Kewley2008MetallicityGalaxies,
    title = {{Metallicity Calibrations and the Mass‐Metallicity Relation for Star‐forming Galaxies}},
    year = {2008},
    journal = {ApJ},
    author = {Kewley, Lisa J. and Ellison, Sara L.},
    number = {2},
    month = {7},
    pages = {1183--1204},
    volume = {681},
    publisher = {IOP Publishing},
    doi = {10.1086/587500},
    issn = {0004-637X},
    arxivId = {0801.1849},
    keywords = {Astrophysics, galaxies: abundances, galaxies: fundamental parameters, galaxies: spiral, galaxies: starburst, techniques: spectroscopic}
}

@article{Kumari2019MetallicityRegions,
    title = {{Metallicity calibrations for diffuse ionized gas and low-ionization emission regions}},
    year = {2019},
    journal = {MNRAS},
    author = {Kumari, Nimisha and Maiolino, Roberto and Belfiore, Francesco and Curti, Mirko},
    number = {1},
    month = {5},
    pages = {367--381},
    volume = {485},
    publisher = {Oxford University Press},
    doi = {10.1093/mnras/stz366},
    issn = {13652966},
    arxivId = {1902.01408},
    keywords = {ISM: abundances, galaxies: abundances, galaxies: individual, galaxies: spiral}
}

@article{Paalvast2017MetallicityIMF,
    title = {{Metallicity calibrations of low star-forming galaxies: the influence of a stochastic IMF}},
    year = {2017},
    journal = {MNRAS},
    author = {Paalvast, Mieke and Brinchmann, Jarle},
    number = {2},
    month = {5},
    pages = {1612--1625},
    volume = {470},
    url = {http://arxiv.org/abs/1705.10309 http://dx.doi.org/10.1093/mnras/stx1271},
    doi = {10.1093/mnras/stx1271},
    arxivId = {1705.10309}
}

@article{Nagao2010MetallicityLines,
    title = {{Metallicity Diagnostics with Infrared Fine-Structure Lines}},
    year = {2010},
    journal = {A{\&}A},
    author = {Nagao, Tohru and Maiolino, Roberto and Marconi, Alessandro and Matsuhara, Hideo},
    month = {12},
    pages = {A149},
    volume = {526},
    url = {http://arxiv.org/abs/1012.2471 http://dx.doi.org/10.1051/0004-6361/201015471},
    doi = {10.1051/0004-6361/201015471},
    arxivId = {1012.2471}
}

@article{Troncoso2014Metallicity3.4,
    title = {{Metallicity evolution, metallicity gradients, and gas fractions at z {\~{}} 3.4}},
    year = {2014},
    journal = {A{\&}A},
    author = {Troncoso, P. and Maiolino, R. and Sommariva, V. and Cresci, G. and Mannucci, F. and Marconi, A. and Meneghetti, M. and Grazian, A. and Cimatti, A. and Fontana, A. and Nagao, T. and Pentericci, L.},
    month = {3},
    pages = {58},
    volume = {563},
    doi = {10.1051/0004-6361/201322099},
    issn = {00046361},
    arxivId = {1311.4576},
    keywords = {Galaxies: ISM, Galaxies: abundances, Galaxies: high-redshift, Galaxies: star formation, Galaxy: evolution, Infrared: ISM}
}

@article{Escala2018ModellingDiffusion,
    title = {{Modelling chemical abundance distributions for dwarf galaxies in the Local Group: The impact of turbulent metal diffusion}},
    year = {2018},
    journal = {MNRAS},
    author = {Escala, Ivanna and Wetzel, Andrew and Kirby, Evan N. and Hopkins, Philip F. and Ma, Xiangcheng and Wheeler, Coral and Kere{\v{s}}, Dušan and Faucher-Gigu{\`{e}}re, Claude André and Quataert, Eliot},
    number = {2},
    pages = {2194--2211},
    volume = {474},
    publisher = {Oxford University Press},
    url = {http://fire.northwestern.edu.},
    doi = {10.1093/mnras/stx2858},
    issn = {13652966},
    arxivId = {1710.06533},
    keywords = {Diffusion, Galaxies: abundances, Galaxies: dwarf, Local Group, Methods: numerical}
}

@article{Charlot2001NebularGalaxies,
    title = {{Nebular emission from star-forming galaxies}},
    year = {2001},
    journal = {MNRAS},
    author = {Charlot, Stéphane and Longhetti, Marcella},
    number = {4},
    month = {6},
    pages = {887--903},
    volume = {323},
    doi = {10.1046/j.1365-8711.2001.04260.x},
    issn = {00358711},
    arxivId = {astro-ph/0101097},
    keywords = {Galaxies: ISM, Galaxies: general, Galaxies: stellar content}
}

@article{Perez-Montero2007NeonApplications,
    title = {{Neon and Argon optical emission lines in ionized gaseous nebulae: Implications and applications}},
    year = {2007},
    journal = {MNRAS},
    author = {P{\'{e}}rez-Montero, Enrique and H{\"{a}}gele, Guillermo F. and Contini, Thierry and D{\'{i}}az, {\'A}ngeles I.},
    number = {1},
    month = {7},
    pages = {125--135},
    volume = {381},
    url = {http://arxiv.org/abs/0707.2691 http://dx.doi.org/10.1111/j.1365-2966.2007.12213.x},
    doi = {10.1111/j.1365-2966.2007.12213.x},
    arxivId = {0707.2691},
    keywords = {H ii regions, ISM: abundances}
}

@article{Curti2017NewGalaxies,
    title = {{New fully empirical calibrations of strong-line metallicity indicators in star-forming galaxies}},
    year = {2017},
    journal = {MNRAS},
    author = {Curti, M. and Cresci, G. and Mannucci, F. and Marconi, A. and Maiolino, R. and Esposito, S.},
    number = {2},
    month = {2},
    pages = {1384--1400},
    volume = {465},
    publisher = {Oxford University Press (OUP)},
    doi = {10.1093/mnras/stw2766},
    issn = {0035-8711},
    arxivId = {1610.06939}
}

@article{Denicolo2002NewCalibrator,
    title = {{New light on the search for low-metallicity galaxies - I. The N2 calibrator}},
    year = {2002},
    journal = {MNRAS},
    author = {Denicol{\'{o}}, Glenda and Terlevich, Roberto and Terlevich, Elena},
    number = {1},
    month = {2},
    pages = {69--74},
    volume = {330},
    doi = {10.1046/j.1365-8711.2002.05041.x},
    issn = {00358711},
    arxivId = {astro-ph/0110356},
    keywords = {Galaxies: abundances, Galaxies: evolution, Galaxies: stellar content}
}

@article{Dopita2013NewData,
    title = {{New strong-line abundance diagnostics for H II regions: Effects of {$\kappa$}-distributed electron energies and new atomic data}},
    year = {2013},
    journal = {ApJS},
    author = {Dopita, Michael A. and Sutherland, Ralph S. and Nicholls, David C. and Kewley, Lisa J. and Vogt, Frédéric P.A.},
    number = {1},
    month = {9},
    pages = {10},
    volume = {208},
    doi = {10.1088/0067-0049/208/1/10},
    issn = {00670049},
    arxivId = {1307.5950},
    keywords = {Hii regions, ISM: abundances, atomic data, atomic processes, plasmas}
}

@article{Blanton2005NewSurveys,
    title = {{New York University Value-Added Galaxy Catalog: A Galaxy Catalog Based on New Public Surveys}},
    year = {2005},
    journal = {AJ},
    author = {Blanton, Michael R. and Schlegel, David J. and Strauss, Michael A. and Brinkmann, J. and Finkbeiner, Douglas and Fukugita, Masataka and Gunn, James E. and Hogg, David W. and Ivezi{\'{c}}, Željko and Knapp, G. R. and Lupton, Robert H. and Munn, Jeffrey A. and Schneider, Donald P. and Tegmark, Max and Zehavi, Idit},
    number = {6},
    month = {6},
    pages = {2562--2578},
    volume = {129},
    publisher = {IOP Publishing},
    url = {http://stacks.iop.org/1538-3881/129/i=6/a=2562},
    doi = {10.1086/429803},
    issn = {0004-6256}
}

@book{Pagel2009NucleosynthesisGalaxies,
    title = {{Nucleosynthesis and Chemical Evolution of Galaxies}},
    year = {2009},
    booktitle = {Nucleosynthesis and Chemical Evolution of Galaxies},
    author = {Pagel, Bernard E. J.},
    edition = {2nd},
    pages = {486},
    publisher = {Cambridge University Press, Cambridge},
    isbn = {0521550610}
}

@article{Law2015OBSERVINGSURVEY,
    title = {{OBSERVING STRATEGY FOR THE SDSS-IV/MaNGA IFU GALAXY SURVEY}},
    year = {2015},
    journal = {AJ},
    author = {Law, David R. and Yan, Renbin and Bershady, Matthew A. and Bundy, Kevin and Cherinka, Brian and Drory, Niv and MacDonald, Nicholas and S{\'{a}}nchez-Gallego, José R. and Wake, David A. and Weijmans, Anne-Marie and Blanton, Michael R. and Klaene, Mark A. and Moran, Sean M. and Sanchez, Sebastian F. and Zhang, Kai},
    number = {1},
    month = {6},
    pages = {19},
    volume = {150},
    url = {http://stacks.iop.org/1538-3881/150/i=1/a=19?key=crossref.7a0a6a504901965e81cee444dac502dd},
    doi = {10.1088/0004-6256/150/1/19},
    issn = {1538-3881},
    keywords = {Astrophysics, Astrophysics of Galaxies, Instrumentation and Methods for Astrophysics, atmospheric effects, methods: observational, surveys, techniques: imaging spectroscopy}
}

@article{CidFernandes2018OnAlgorithms,
    title = {{On tests of full spectral fitting algorithms}},
    year = {2018},
    journal = {MNRAS},
    author = {Cid Fernandes, Roberto},
    number = {4},
    month = {11},
    pages = {4480--4488},
    volume = {480},
    url = {https://academic.oup.com/mnras/article/480/4/4480/5062813},
    doi = {10.1093/mnras/sty2012},
    issn = {0035-8711},
    keywords = {galaxies: stellar content, methods: data analysis}
}

@article{Bundy2015OVERVIEWOBSERVATORY,
    title = {{OVERVIEW OF THE SDSS-IV MaNGA SURVEY: MAPPING NEARBY GALAXIES AT APACHE POINT OBSERVATORY}},
    year = {2015},
    journal = {ApJ},
    author = {Bundy, Kevin and Bershady, Matthew A. and Law, David R. and Yan, Renbin and Drory, Niv and MacDonald, Nicholas and Wake, David A. and Cherinka, Brian and S{\'{a}}nchez-Gallego, José R. and Weijmans, Anne-Marie and Thomas, Daniel and Tremonti, Christy and Masters, Karen and Coccato, Lodovico and Diamond-Stanic, Aleksandar M. and Arag{\'{o}}n-Salamanca, Alfonso and Avila-Reese, Vladimir and Badenes, Carles and Falc{\'{o}}n-Barroso, Jésus and Belfiore, Francesco and Bizyaev, Dmitry and Blanc, Guillermo A. and Bland-Hawthorn, Joss and Blanton, Michael R. and Brownstein, Joel R. and Byler, Nell and Cappellari, Michele and Conroy, Charlie and Dutton, Aaron A. and Emsellem, Eric and Etherington, James and Frinchaboy, Peter M. and Fu, Hai and Gunn, James E. and Harding, Paul and Johnston, Evelyn J. and Kauffmann, Guinevere and Kinemuchi, Karen and Klaene, Mark A. and Knapen, Johan H. and Leauthaud, Alexie and Li, Cheng and Lin, Lihwai and Maiolino, Roberto and Malanushenko, Viktor and Malanushenko, Elena and Mao, Shude and Maraston, Claudia and McDermid, Richard M. and Merrifield, Michael R. and Nichol, Robert C. and Oravetz, Daniel and Pan, Kaike and Parejko, John K. and Sanchez, Sebastian F. and Schlegel, David and Simmons, Audrey and Steele, Oliver and Steinmetz, Matthias and Thanjavur, Karun and Thompson, Benjamin A. and Tinker, Jeremy L. and van den Bosch, Remco C. E. and Westfall, Kyle B. and Wilkinson, David and Wright, Shelley and Xiao, Ting and Zhang, Kai},
    number = {1},
    month = {1},
    pages = {7},
    volume = {798},
    publisher = {IOP Publishing},
    url = {http://stacks.iop.org/0004-637X/798/i=1/a=7?key=crossref.ce8f697114eeb3752ff6da50e3e66986},
    doi = {10.1088/0004-637X/798/1/7},
    issn = {1538-4357}
}

@article{Pilyugin2005OxygenRevisited,
    title = {{Oxygen Abundance Determination in H ii Regions: The Strong Line Intensities–Abundance Calibration Revisited}},
    year = {2005},
    journal = {ApJ},
    author = {Pilyugin, Leonid S. and Thuan, Trinh X.},
    number = {1},
    month = {9},
    pages = {231--243},
    volume = {631},
    publisher = {IOP Publishing},
    doi = {10.1086/432408},
    issn = {0004-637X},
    keywords = {Galaxies: Abundances, ISM: Abundances, ISM: H II Regions}
}

@article{Pilyugin2001OxygenRelationship,
    title = {{Oxygen abundances in dwarf irregular galaxies and the metallicity - luminosity relationship}},
    year = {2001},
    journal = {A{\&}A},
    author = {Pilyugin, L. S.},
    number = {2},
    month = {5},
    pages = {412--420},
    volume = {374},
    publisher = {EDP Sciences},
    url = {http://arxiv.org/abs/astro-ph/0105360 http://dx.doi.org/10.1051/0004-6361:20010732},
    doi = {10.1051/0004-6361:20010732},
    arxivId = {astro-ph/0105360},
    keywords = {Galaxies: ISM, Galaxies: abundances, Galaxies: individual: NGC 6822, Galaxies: irregular}
}

@article{Morisset2016PhotoionizationModels,
    title = {{Photoionization models of the CALIFA H II regions: I. Hybrid models}},
    year = {2016},
    journal = {A{\&}A},
    author = {Morisset, C. and Delgado-Inglada, G. and S{\'{a}}nchez, S. F. and Galbany, L. and Garci{\'{a}}-Benito, R. and Husemann, B. and Marino, R. A. and Mast, D. and Roth, M. M.},
    pages = {A37},
    volume = {594},
    publisher = {EDP Sciences},
    doi = {10.1051/0004-6361/201628559},
    issn = {14320746},
    arxivId = {1606.01146},
    keywords = {Hii regions, ISM: abundances, ISM: general, Local insterstellar matter}
}

@article{Blanton2009PhysicalGalaxies,
    title = {{Physical Properties and Environments of Nearby Galaxies}},
    year = {2009},
    journal = {ARA{\&}A},
    author = {Blanton, Michael R. and Moustakas, John},
    number = {1},
    month = {9},
    pages = {159--210},
    volume = {47},
    publisher = {Annual Reviews},
    url = {https://ui.adsabs.harvard.edu/abs/2009ARA&A..47..159B/abstract},
    doi = {10.1146/annurev-astro-082708-101734},
    issn = {0066-4146},
    arxivId = {0908.3017},
    keywords = {Astrophysics, Astrophysics of Galaxies, Cosmology and Nongalactic Astrophysics}
}

@book{Aller1984PhysicsNebulae,
    title = {{Physics of Thermal Gaseous Nebulae}},
    year = {1984},
    booktitle = {Astrophysics and Space Science Library},
    author = {Aller, Lawrence H.},
    series = {Astrophysics and Space Science Library},
    volume = {112},
    publisher = {Springer Netherlands},
    url = {http://link.springer.com/10.1007/978-94-010-9639-3},
    address = {Dordrecht},
    isbn = {978-90-277-2546-2},
    doi = {10.1007/978-94-010-9639-3},
    keywords = {Astronomical Models, Astronomical Spectroscopy, Astrophysics, Chemical Composition, Cosmic Plasma, Electron Recombination, Extraterrestrial Radiation, Fluorescence, Galactic Evolution, Helium Plasma, High Temperature Gases, Hydrogen Plasma, Infrared Astronomy, Interstellar Matter, Ionized Gases, Line Spectra, Nebulae, Photoionization, Planetary Nebulae, Plasma Diagnostics, Radiative Transfer, Shock Wave Interaction, Stellar Evolution, Thermodynamic Equilibrium}
}

@article{Garn2010PredictingGalaxy,
    title = {{Predicting dust extinction from the stellar mass of a galaxy}},
    year = {2010},
    journal = {MNRAS},
    author = {Garn, Timothy and Best, Philip},
    number = {1},
    month = {7},
    pages = {421--432},
    volume = {409},
    url = {https://academic.oup.com/mnras/article-lookup/doi/10.1111/j.1365-2966.2010.17321.x http://arxiv.org/abs/1007.1145 http://dx.doi.org/10.1111/j.1365-2966.2010.17321.x},
    doi = {10.1111/j.1365-2966.2010.17321.x},
    issn = {00358711},
    arxivId = {1007.1145},
    keywords = {Astrophysics, Astrophysics of Galaxies, Cosmology and Nongalactic Astrophysics, dust, extinction, galaxies: ISM, galaxies: evolution, galaxies: high, redshift}
}

@article{Steidel2016ReconcilingGalaxies,
    title = {{Reconciling the Stellar and Nebular Spectra of High Redshift Galaxies}},
    year = {2016},
    journal = {ApJ},
    author = {Steidel, C. C. and Strom, A. L. and Pettini, M. and Rudie, G. C. and Reddy, N. A. and Trainor, R. F.},
    number = {2},
    month = {5},
    pages = {159},
    volume = {826},
    url = {http://arxiv.org/abs/1605.07186 http://dx.doi.org/10.3847/0004-637X/826/2/159},
    doi = {10.3847/0004-637X/826/2/159},
    arxivId = {1605.07186},
    keywords = {H ii regions, ISM: abundances, cosmology: observations, galaxies: evolution, galaxies: high-redshift, stars: massive}
}

@article{Ge2018RecoveringUncertainties,
    title = {{Recovering stellar population parameters via two full-spectrum fitting algorithms in the absence of model uncertainties}},
    year = {2018},
    journal = {MNRAS},
    author = {Ge, Junqiang and Yan, Renbin and Cappellari, Michele and Mao, Shude and Li, Hongyu and Lu, Youjun},
    number = {2},
    month = {5},
    pages = {2633--2649},
    volume = {478},
    url = {https://academic.oup.com/mnras/article/478/2/2633/4995924 http://arxiv.org/abs/1805.03972 http://dx.doi.org/10.1093/mnras/sty1245},
    doi = {10.1093/mnras/sty1245},
    issn = {0035-8711},
    arxivId = {1805.03972},
    keywords = {Astrophysics, Astrophysics of Galaxies, galaxies: evolution, galaxies: fundamental parameters, galaxies: stellar content}
}

@article{Roskar2008RidingDisks,
    title = {{Riding the Spiral Waves: Implications of Stellar Migration for the Properties of Galactic Disks}},
    year = {2008},
    journal = {ApJ},
    author = {Ro{\v{s}}kar, Rok and Debattista, Victor P. and Quinn, Thomas R. and Stinson, Gregory S. and Wadsley, James},
    number = {2},
    month = {8},
    pages = {L79-L82},
    volume = {684},
    url = {http://stacks.iop.org/1538-4357/684/i=2/a=L79 http://arxiv.org/abs/0808.0206 http://dx.doi.org/10.1086/592231},
    doi = {10.1086/592231},
    issn = {0004-637X},
    arxivId = {0808.0206},
    keywords = {Astrophysics, Galaxy: stellar content, galaxies: evolution, galaxies: spiral, galaxies: stellar content, solar neighborhood, stellar dynamics}
}

@article{ODonnell1994RSUBnu/SUB-dependentExtinction,
    title = {{R[SUB]nu[/SUB]-dependent optical and near-ultraviolet extinction}},
    year = {1994},
    journal = {ApJ},
    author = {O'Donnell, James E.},
    month = {2},
    pages = {158},
    volume = {422},
    url = {http://adsabs.harvard.edu/doi/10.1086/173713},
    doi = {10.1086/173713},
    issn = {0004-637X},
    keywords = {Astronomical Photometry, Astrophysics, EXTINCTION, ISM: DUST, Interstellar Extinction, Iue, Light (Visible Radiation), Near Infrared Radiation, Ultraviolet Radiation}
}

@article{Virtanen2020SciPyPython,
    title = {{SciPy 1.0: fundamental algorithms for scientific computing in Python}},
    year = {2020},
    journal = {Nature Methods},
    author = {Virtanen, Pauli and Gommers, Ralf and Oliphant, Travis E. and Haberland, Matt and Reddy, Tyler and Cournapeau, David and Burovski, Evgeni and Peterson, Pearu and Weckesser, Warren and Bright, Jonathan and van der Walt, Stéfan J. and Brett, Matthew and Wilson, Joshua and Millman, K. Jarrod and Mayorov, Nikolay and Nelson, Andrew R. J. and Jones, Eric and Kern, Robert and Larson, Eric and Carey, C J and Polat, İlhan and Feng, Yu and Moore, Eric W. and VanderPlas, Jake and Laxalde, Denis and Perktold, Josef and Cimrman, Robert and Henriksen, Ian and Quintero, E. A. and Harris, Charles R and Archibald, Anne M. and Ribeiro, Antônio H. and Pedregosa, Fabian and van Mulbregt, Paul},
    number = {3},
    month = {3},
    pages = {261--272},
    volume = {17},
    publisher = {Nature Research},
    url = {http://arxiv.org/abs/1907.10121 http://www.nature.com/articles/s41592-019-0686-2},
    doi = {10.1038/s41592-019-0686-2},
    issn = {1548-7091},
    arxivId = {1907.10121}
}

@article{Belfiore2017SDSSGalaxies,
    title = {{SDSS IV MaNGA – metallicity and nitrogen abundance gradients in local galaxies}},
    year = {2017},
    journal = {MNRAS},
    author = {Belfiore, Francesco and Maiolino, Roberto and Tremonti, Christy and S{\'{a}}nchez, Sebastian F. and Bundy, Kevin and Bershady, Matthew and Westfall, Kyle and Lin, Lihwai and Drory, Niv and Boquien, Médéric and Thomas, Daniel and Brinkmann, Jonathan},
    number = {1},
    month = {7},
    pages = {151--170},
    volume = {469},
    url = {https://academic.oup.com/mnras/article/469/1/151/3098178},
    doi = {10.1093/mnras/stx789},
    issn = {0035-8711},
    keywords = {1 i n t, accretion, evolution, fed by cosmological gas, fundamental parameters, galaxies, galaxies to be continuously, ism, of galaxy evolution requires, ro d u c, t i o n, the current theoretical framework}
}

@article{Belfiore2016SDSSLIERs,
    title = {{SDSS IV MaNGA-spatially resolved diagnostic diagrams: A proof that many galaxies are LIERs}},
    year = {2016},
    journal = {MNRAS},
    author = {Belfiore, Francesco and Maiolino, Roberto and Maraston, Claudia and Emsellem, Eric and Bershady, Matthew A. and Masters, Karen L. and Yan, Renbin and Bizyaev, Dmitry and Boquien, Ḿederic and Brownstein, Joel R. and Bundy, Kevin and Drory, Niv and Heckman, Timothy M. and Law, David R. and Roman-Lopes, Alexandre and Pan, Kaike and Stanghellini, Letizia and Thomas, Daniel and Weijmans, Anne Marie and Westfall, Kyle B.},
    number = {3},
    month = {9},
    pages = {3111--3134},
    volume = {461},
    publisher = {Oxford University Press},
    doi = {10.1093/mnras/stw1234},
    issn = {13652966},
    keywords = {Evolution-galaxies, Fundamental parameters-galaxies, ISM, Surveys-galaxies}
}

@article{Yan2016SDSS-IVQuality,
    title = {{SDSS-IV MaNGA IFS Galaxy Survey --- Survey Design, Execution, and Initial Data Quality}},
    year = {2016},
    journal = {AJ},
    author = {Yan, Renbin and Bundy, Kevin and Law, David R. and Bershady, Matthew A. and Andrews, Brett and Cherinka, Brian and Diamond-Stanic, Aleksandar M. and Drory, Niv and MacDonald, Nicholas and S{\'{a}}nchez-Gallego, José R. and Thomas, Daniel and Wake, David A. and Weijmans, Anne-Marie and Westfall, Kyle B. and Zhang, Kai and Arag{\'{o}}n-Salamanca, Alfonso and Belfiore, Francesco and Bizyaev, Dmitry and Blanc, Guillermo A. and Blanton, Michael R. and Brownstein, Joel and Cappellari, Michele and D'Souza, Richard and Emsellem, Eric and Fu, Hai and Gaulme, Patrick and Graham, Mark T. and Goddard, Daniel and Gunn, James E. and Harding, Paul and Jones, Amy and Kinemuchi, Karen and Li, Cheng and Li, Hongyu and Maiolino, Roberto and Mao, Shude and Maraston, Claudia and Masters, Karen and Merrifield, Michael R. and Oravetz, Daniel and Pan, Kaike and Parejko, John K. and Sanchez, Sebastian F. and Schlegel, David and Simmons, Audrey and Thanjavur, Karun and Tinker, Jeremy and Tremonti, Christy and Bosch, Remco van den and Zheng, Zheng},
    number = {6},
    month = {7},
    pages = {197},
    volume = {152},
    url = {http://stacks.iop.org/1538-3881/152/i=6/a=197?key=crossref.38603260e4cbca0be8e45546e5e0cc59 http://arxiv.org/abs/1607.08613 http://dx.doi.org/10.3847/0004-6256/152/6/197},
    doi = {10.3847/0004-6256/152/6/197},
    issn = {1538-3881},
    arxivId = {1607.08613},
    keywords = {Astrophysics, Astrophysics of Galaxies, galaxies: evolution, galaxies: general, surveys, techniques: imaging spectroscopy}
}

@article{Peterken2020SDSS-IVGalaxies,
    title = {{SDSS-IV MaNGA: Excavating the fossil record of stellar populations in spiral galaxies}},
    year = {2020},
    journal = {MNRAS},
    author = {Peterken, Thomas and Merrifield, Michael and Arag{\'{o}}n-Salamanca, Alfonso and Fraser-McKelvie, Amelia and Avila-Reese, Vladimir and Riffel, Rogério and Knapen, Johan and Drory, Niv},
    number = {3},
    month = {7},
    pages = {3387--3402},
    volume = {495},
    publisher = {Oxford University Press (OUP)},
    doi = {10.1093/mnras/staa1303},
    issn = {0035-8711},
    arxivId = {2005.03012}
}

@article{Greener2020SDSS-IVGalaxies,
    title = {{SDSS-IV MaNGA: spatially resolved dust attenuation in spiral galaxies}},
    year = {2020},
    journal = {MNRAS},
    author = {Greener, Michael J and Arag{\'{o}}n-Salamanca, Alfonso and Merrifield, Michael R and Peterken, Thomas G and Fraser-McKelvie, Amelia and Masters, Karen L and Krawczyk, Coleman M and Boardman, Nicholas F and Boquien, Médéric and Andrews, Brett H and Brinkmann, Jonathan and Drory, Niv},
    number = {2},
    month = {6},
    pages = {2305--2320},
    volume = {495},
    publisher = {Oxford University Press (OUP)},
    doi = {10.1093/mnras/staa1300},
    issn = {0035-8711},
    arxivId = {2005.02772}
}

@article{Goddard2016SDSS-IVType,
    title = {{SDSS-IV MaNGA: Spatially resolved star formation histories in galaxies as a function of galaxy mass and type}},
    year = {2016},
    journal = {MNRAS},
    author = {Goddard, Daniel and Thomas, Daniel and Maraston, Claudia and Westfall, Kyle B. and Etherington, James and Riffel, Rogerio and Mallmann, Nicolas D. and Zheng, Zheng and Argudo-Fernandez, Maria and Lian, Jianhui and Bershady, Matthew A. and Bundy, Kevin and Drory, Niv and Law, David R. and Yan, Renbin and Wake, David and Weijmans, Anne-Marie and Bizyaev, Dmitry and Brownstein, Joel R. and Lane, Richard R. and Maiolino, Roberto and Masters, Karen L. and Merrifield, Michael R. and Nitschelm, Christian and Pan, Kaike and Roman-Lopes, Alexandre and Storchi-Bergmann, Thaisa and Schneider, Donald P.},
    month = {12},
    pages = {4731--4758},
    volume = {466},
    url = {https://academic.oup.com/mnras/article-lookup/doi/10.1093/mnras/stw3371 http://arxiv.org/abs/1612.01546 http://dx.doi.org/10.1093/mnras/stw3371},
    doi = {10.1093/mnras/stw3371},
    issn = {0035-8711},
    arxivId = {1612.01546},
    keywords = {Astrophysics, Astrophysics of Galaxies, cD, galaxies: elliptical and lenticular, galaxies: evolution, galaxies: formation, galaxies: spiral, galaxies: star formation, galaxies: stellar content}
}

@article{Zhang2017SDSS-IVMeasurements,
    title = {{SDSS-IV MaNGA: The impact of diffuse ionized gas on emission-line ratios, interpretation of diagnostic diagrams and gas metallicity measurements}},
    year = {2017},
    journal = {MNRAS},
    author = {Zhang, Kai and Yan, Renbin and Bundy, Kevin and Bershady, Matthew and Matthew Haffner, L. and Walterbos, René and Maiolino, Roberto and Tremonti, Christy and Thomas, Daniel and Drory, Niv and Jones, Amy and Belfiore, Francesco and S{\'{a}}nchez, Sebastian F. and Diamond-Stanic, Aleksandar M. and Bizyaev, Dmitry and Nitschelm, Christian and Andrews, Brett and Brinkmann, Jon and Brownstein, Joel R. and Cheung, Edmond and Li, Cheng and Law, David R. and Roman-Lopes, Alexandre and Oravetz, Daniel and Pan, Kaike and Bergmann, Thaisa Storchi and Simmons, Audrey},
    number = {3},
    pages = {3217--3243},
    volume = {466},
    publisher = {Oxford University Press},
    doi = {10.1093/mnras/stw3308},
    issn = {13652966},
    arxivId = {1612.02000},
    keywords = {Galaxies: ISM, Galaxies: abundances, Galaxies: active, Galaxies: evolution, Galaxies: fundamental parameters}
}

@article{Schaefer2020SDSS-IVMeasurements,
    title = {{SDSS-IV MaNGA: Variations in the N/O–O/H Relation Bias Metallicity Gradient Measurements}},
    year = {2020},
    journal = {ApJ},
    author = {Schaefer, Adam L. and Tremonti, Christy and Belfiore, Francesco and Pace, Zachary and Bershady, Matthew A. and Andrews, Brett H. and Drory, Niv},
    number = {1},
    month = {2},
    pages = {L3},
    volume = {890},
    publisher = {American Astronomical Society},
    doi = {10.3847/2041-8213/ab6f06},
    issn = {2041-8213},
    arxivId = {1911.00581}
}

@article{Peterken2020SDSS-IVGalaxiesb,
    title = {{SDSS-IV MaNGA: When is morphology imprinted on galaxies?}},
    year = {2020},
    journal = {preprint (arXiv:2010.15213)},
    author = {Peterken, Thomas and Merrifield, Michael and Arag{\'{o}}n-Salamanca, Alfonso and Avila-Reese, Vladimir and Boardman, Nicholas F. and Drory, Niv and Lane, Richard R.},
    month = {11},
    url = {http://arxiv.org/abs/2010.15213 https://academic.oup.com/mnrasl/advance-article/doi/10.1093/mnrasl/slaa179/5955452},
    doi = {10.1093/mnrasl/slaa179},
    issn = {1745-3925},
    arxivId = {2010.15213}
}

@article{Yan2016SDSS-IV/MaNGA:TECHNIQUE,
    title = {{SDSS-IV/MaNGA: SPECTROPHOTOMETRIC CALIBRATION TECHNIQUE}},
    year = {2016},
    journal = {AJ},
    author = {Yan, Renbin and Tremonti, Christy and Bershady, Matthew A. and Law, David R. and Schlegel, David J. and Bundy, Kevin and Drory, Niv and MacDonald, Nicholas and Bizyaev, Dmitry and Blanc, Guillermo A. and Blanton, Michael R. and Cherinka, Brian and Eigenbrot, Arthur and Gunn, James E. and Harding, Paul and Hogg, David W. and S{\'{a}}nchez-Gallego, José R. and S{\'{a}}nchez, Sebastian F. and Wake, David A. and Weijmans, Anne-Marie and Xiao, Ting and Zhang, Kai},
    number = {1},
    month = {1},
    pages = {8},
    volume = {151},
    publisher = {IOP Publishing},
    url = {http://stacks.iop.org/1538-3881/151/i=1/a=8?key=crossref.b25d33bc7259e51447e26678294cc3be},
    doi = {10.3847/0004-6256/151/1/8},
    issn = {1538-3881}
}

@article{Somerville1999Semi-analyticUniverse,
    title = {{Semi-analytic modelling of galaxy formation: the local Universe}},
    year = {1999},
    journal = {MNRAS},
    author = {Somerville, Rachel S. and Primack, Joel R.},
    number = {4},
    month = {12},
    pages = {1087--1110},
    volume = {310},
    publisher = {Oxford University Press (OUP)},
    doi = {10.1046/j.1365-8711.1999.03032.x},
    issn = {0035-8711},
    keywords = {Astrophysics, COSMOLOGY: THEORY, GALAXIES: EVOLUTION, GALAXIES: FORMATION}
}

@article{CidFernandes2005Semi-empiricalMethod,
    title = {{Semi-empirical analysis of Sloan Digital Sky Survey galaxies -I. Spectral synthesis method}},
    year = {2005},
    journal = {MNRAS},
    author = {Cid Fernandes, Roberto and Mateus, Abílio and Sodr{\'{e}}, Laerte and Stasi{\'{n}}ska, Grazyna and Gomes, Jean M.},
    number = {2},
    month = {4},
    pages = {363--378},
    volume = {358},
    doi = {10.1111/j.1365-2966.2005.08752.x},
    issn = {00358711},
    keywords = {Galaxies: evolution, Galaxies: fundamental parameters, Galaxies: statistics, Galaxies: stellar content}
}

@article{Blanton2017SloanUniverse,
    title = {{Sloan Digital Sky Survey IV: Mapping the Milky Way, Nearby Galaxies, and the Distant Universe}},
    year = {2017},
    journal = {AJ},
    author = {Blanton, Michael R. and Bershady, Matthew A. and Abolfathi, Bela and Albareti, Franco D. and Prieto, Carlos Allende and Almeida, Andres and Alonso-Garc{\'{i}}a, Javier and Anders, Friedrich and Anderson, Scott F. and Andrews, Brett and Aquino-Ort{\'{i}}z, Erik and Arag{\'{o}}n-Salamanca, Alfonso and Argudo-Fern{\'{a}}ndez, Maria and Armengaud, Eric and Aubourg, Eric and Avila-Reese, Vladimir and Badenes, Carles and Bailey, Stephen and Barger, Kathleen A. and Barrera-Ballesteros, Jorge and Bartosz, Curtis and Bates, Dominic and Baumgarten, Falk and Bautista, Julian and Beaton, Rachael and Beers, Timothy C. and Belfiore, Francesco and Bender, Chad F. and Berlind, Andreas A. and Bernardi, Mariangela and Beutler, Florian and Bird, Jonathan C. and Bizyaev, Dmitry and Blanc, Guillermo A. and Blomqvist, Michael and Bolton, Adam S. and Boquien, Médéric and Borissova, Jura and Bosch, Remco van den and Bovy, Jo and Brandt, William N. and Brinkmann, Jonathan and Brownstein, Joel R. and Bundy, Kevin and Burgasser, Adam J. and Burtin, Etienne and Busca, Nicolás G. and Cappellari, Michele and Carigi, Maria Leticia Delgado and Carlberg, Joleen K. and Rosell, Aurelio Carnero and Carrera, Ricardo and Cherinka, Brian and Cheung, Edmond and Chew, Yilen Gómez Maqueo and Chiappini, Cristina and Choi, Peter Doohyun and Chojnowski, Drew and Chuang, Chia-Hsun and Chung, Haeun and Cirolini, Rafael Fernando and Clerc, Nicolas and Cohen, Roger E. and Comparat, Johan and da Costa, Luiz and Cousinou, Marie-Claude and Covey, Kevin and Crane, Jeffrey D. and Croft, Rupert A. C. and Cruz-Gonzalez, Irene and Cuadra, Daniel Garrido and Cunha, Katia and Damke, Guillermo J. and Darling, Jeremy and Davies, Roger and Dawson, Kyle and de la Macorra, Axel and De Lee, Nathan and Delubac, Timothée and Di Mille, Francesco and Diamond-Stanic, Aleks and Cano-D{\'{i}}az, Mariana and Donor, John and Downes, Juan José and Drory, Niv and Bourboux, Hélion du Mas des and Duckworth, Christopher J. and Dwelly, Tom and Dyer, Jamie and Ebelke, Garrett and Eisenstein, Daniel J. and Emsellem, Eric and Eracleous, Mike and Escoffier, Stephanie and Evans, Michael L. and Fan, Xiaohui and Fern{\'{a}}ndez-Alvar, Emma and Fernandez-Trincado, J. G. and Feuillet, Diane K. and Finoguenov, Alexis and Fleming, Scott W. and Font-Ribera, Andreu and Fredrickson, Alexander and Freischlad, Gordon and Frinchaboy, Peter M. and Galbany, Lluís and Garcia-Dias, R. and Garc{\'{i}}a-Hern{\'{a}}ndez, D. A. and Gaulme, Patrick and Geisler, Doug and Gelfand, Joseph D. and Gil-Mar{\'{i}}n, Héctor and Gillespie, Bruce A. and Goddard, Daniel and Gonzalez-Perez, Violeta and Grabowski, Kathleen and Green, Paul J. and Grier, Catherine J. and Gunn, James E. and Guo, Hong and Guy, Julien and Hagen, Alex and Hahn, ChangHoon and Hall, Matthew and Harding, Paul and Hasselquist, Sten and Hawley, Suzanne L. and Hearty, Fred and Hern{\'{a}}ndez, Jonay I. Gonzalez and Ho, Shirley and Hogg, David W. and Holley-Bockelmann, Kelly and Holtzman, Jon A. and Holzer, Parker H. and Huehnerhoff, Joseph and Hutchinson, Timothy A. and Hwang, Ho Seong and Ibarra-Medel, Héctor J. and Ilha, Gabriele da Silva and Ivans, Inese I. and Ivory, KeShawn and Jackson, Kelly and Jensen, Trey W. and Johnson, Jennifer A. and Jones, Amy and J{\"{o}}nsson, Henrik and Jullo, Eric and Kamble, Vikrant and Kinemuchi, Karen and Kirkby, David and Kitaura, Francisco-Shu and Klaene, Mark and Knapp, Gillian R. and Kneib, Jean-Paul and Kollmeier, Juna A. and Lacerna, Ivan and Lane, Richard R. and Lang, Dustin and Law, David R. and Lazarz, Daniel and Goff, Jean-Marc Le and Liang, Fu-Heng and Li, Cheng and LI, Hongyu and Lima, Marcos and Lin, Lihwai and Lin, Yen-Ting and de Lis, Sara Bertran and Liu, Chao and Lizaola, Miguel Angel C. de Icaza and Long, Dan and Lucatello, Sara and Lundgren, Britt and MacDonald, Nicholas K. and Machado, Alice Deconto and MacLeod, Chelsea L. and Mahadevan, Suvrath and Maia, Marcio Antonio Geimba and Maiolino, Roberto and Majewski, Steven R. and Malanushenko, Elena and Malanushenko, Viktor and Manchado, Arturo and Mao, Shude and Maraston, Claudia and Marques-Chaves, Rui and Masters, Karen L. and McBride, Cameron K. and McDermid, Richard M. and McGrath, Brianne and McGreer, Ian D. and Pe{\~{n}}a, Nicolás Medina and Melendez, Matthew and Merloni, Andrea and Merrifield, Michael R. and Meszaros, Szabolcs and Meza, Andres and Minchev, Ivan and Minniti, Dante and Miyaji, Takamitsu and More, Surhud and Mulchaey, John and M{\"{u}}ller-S{\'{a}}nchez, Francisco and Muna, Demitri and Munoz, Ricardo R. and Myers, Adam D. and Nair, Preethi and Nandra, Kirpal and Nascimento, Janaina Correa do and Negrete, Alenka and Ness, Melissa and Newman, Jeffrey A. and Nichol, Robert C. and Nidever, David L. and Nitschelm, Christian and Ntelis, Pierros and O'Connell, Julia E. and Oelkers, Ryan J. and Oravetz, Audrey and Oravetz, Daniel and Pace, Zach and Padilla, Nelson and Palanque-Delabrouille, Nathalie and Palicio, Pedro Alonso and Pan, Kaike and Parikh, Taniya and P{\^{a}}ris, Isabelle and Park, Changbom and Patten, Alim Y. and Peirani, Sebastien and Pellejero-Ibanez, Marcos and Penny, Samantha and Percival, Will J. and Perez-Fournon, Ismael and Petitjean, Patrick and Pieri, Matthew M. and Pinsonneault, Marc and Pisani, Alice and Poleski, Radosław and Prada, Francisco and Prakash, Abhishek and Queiroz, Anna Bárbara de Andrade and Raddick, M. Jordan and Raichoor, Anand and Rembold, Sandro Barboza and Richstein, Hannah and Riffel, Rogemar A. and Riffel, Rogério and Rix, Hans-Walter and Robin, Annie C. and Rockosi, Constance M. and Rodr{\'{i}}guez-Torres, Sergio and Roman-Lopes, A. and Rom{\'{a}}n-Z{\'{u}}{\~{n}}iga, Carlos and Rosado, Margarita and Ross, Ashley J. and Rossi, Graziano and Ruan, John and Ruggeri, Rossana and Rykoff, Eli S. and Salazar-Albornoz, Salvador and Salvato, Mara and S{\'{a}}nchez, Ariel G. and Aguado, David Sánchez and S{\'{a}}nchez-Gallego, José R. and Santana, Felipe A. and Santiago, Basílio Xavier and Sayres, Conor and Schiavon, Ricardo P. and Schimoia, Jaderson da Silva and Schlafly, Edward F. and Schlegel, David J. and Schneider, Donald P. and Schultheis, Mathias and Schuster, William J. and Schwope, Axel and Seo, Hee-Jong and Shao, Zhengyi and Shen, Shiyin and Shetrone, Matthew and Shull, Michael and Simon, Joshua D. and Skinner, Danielle and Skrutskie, M. F. and Slosar, Anže and Smith, Verne V. and Sobeck, Jennifer S. and Sobreira, Flavia and Somers, Garrett and Souto, Diogo and Stark, David V. and Stassun, Keivan and Stauffer, Fritz and Steinmetz, Matthias and Storchi-Bergmann, Thaisa and Streblyanska, Alina and Stringfellow, Guy S. and Su{\'{a}}rez, Genaro and Sun, Jing and Suzuki, Nao and Szigeti, Laszlo and Taghizadeh-Popp, Manuchehr and Tang, Baitian and Tao, Charling and Tayar, Jamie and Tembe, Mita and Teske, Johanna and Thakar, Aniruddha R. and Thomas, Daniel and Thompson, Benjamin A. and Tinker, Jeremy L. and Tissera, Patricia and Tojeiro, Rita and Toledo, Hector Hernandez and de la Torre, Sylvain and Tremonti, Christy and Troup, Nicholas W. and Valenzuela, Octavio and Valpuesta, Inma Martinez and Vargas-Gonz{\'{a}}lez, Jaime and Vargas-Maga{\~{n}}a, Mariana and Vazquez, Jose Alberto and Villanova, Sandro and Vivek, M. and Vogt, Nicole and Wake, David and Walterbos, Rene and Wang, Yuting and Weaver, Benjamin Alan and Weijmans, Anne-Marie and Weinberg, David H. and Westfall, Kyle B. and Whelan, David G. and Wild, Vivienne and Wilson, John and Wood-Vasey, W. M. and Wylezalek, Dominika and Xiao, Ting and Yan, Renbin and Yang, Meng and Ybarra, Jason E. and Y{\`{e}}che, Christophe and Zakamska, Nadia and Zamora, Olga and Zarrouk, Pauline and Zasowski, Gail and Zhang, Kai and Zhao, Gong-Bo and Zheng, Zheng and Zhou, Zhi-Min and Zhu, Guangtun B. and Zoccali, Manuela and Zou, Hu and Zasowski, Gail and Zhang, Kai and Zhao, Gong-Bo and Zheng, Zheng and Zheng, Zheng and Zhou, Xu and Zhou, Zhi-Min and Zhu, Guangtun B. and Zoccali, Manuela and Zou, Hu},
    number = {1},
    month = {2},
    pages = {28},
    volume = {154},
    url = {http://stacks.iop.org/1538-3881/154/i=1/a=28?key=crossref.93937c36ac04a755a3c21658baae7c77 http://arxiv.org/abs/1703.00052 http://dx.doi.org/10.3847/1538-3881/aa7567},
    doi = {10.3847/1538-3881/aa7567},
    issn = {1538-3881},
    arxivId = {1703.00052},
    keywords = {Astrophysics, Astrophysics of Galaxies, Galaxy: general, cosmology: observations, galaxies: general, instrumentation: spectrographs, stars: general, surveys}
}

@article{Lodders2019SolarAbundances,
    title = {{Solar Elemental Abundances}},
    year = {2019},
    journal = {eprint (arXiv:1912.00844)},
    author = {Lodders, Katharina},
    month = {12},
    publisher = {Oxford University Press},
    url = {http://arxiv.org/abs/1912.00844 https://oxfordre.com/planetaryscience/view/10.1093/acrefore/9780190647926.001.0001/acrefore-9780190647926-e-145},
    doi = {10.1093/acrefore/9780190647926.013.145},
    issn = {23318422},
    arxivId = {1912.00844},
    keywords = {Abundances, Chondrites, Elements, Isotopes, Meteorites, Nuclides, Photosphere, Solar system, Solar wind, Sun}
}

@article{Veilleux1987SpectralGalaxies,
    title = {{Spectral classification of emission-line galaxies}},
    year = {1987},
    journal = {ApJS},
    author = {Veilleux, Sylvain and Osterbrock, Donald E.},
    month = {2},
    pages = {295--310},
    volume = {63},
    publisher = {IOP Publishing},
    url = {http://adsabs.harvard.edu/doi/10.1086/191166},
    doi = {10.1086/191166},
    issn = {0067-0049}
}

@article{Grevesse1998StandardComposition,
    title = {{Standard Solar Composition}},
    year = {1998},
    journal = {Space Sci. Rev.},
    author = {Grevesse, N. and Sauval, A.J.},
    number = {1/2},
    month = {5},
    pages = {161--174},
    volume = {85},
    url = {http://link.springer.com/10.1023/A:1005161325181},
    doi = {10.1023/A:1005161325181},
    issn = {00386308},
    keywords = {Meteorites: abundances, Solar spectroscopy, Sun: abundances}
}

@article{Nagamine2000StarUniverse,
    title = {{Star Formation History and Stellar Metallicity Distribution in a Cold Dark Matter Universe}},
    year = {2000},
    journal = {ApJ},
    author = {Nagamine, Kentaro and Fukugita, Masataka and Cen, Renyue and Ostriker, Jeremiah P.},
    number = {2},
    month = {11},
    pages = {497--504},
    volume = {558},
    publisher = {IOP Publishing},
    url = {http://arxiv.org/abs/astro-ph/0011472 http://dx.doi.org/10.1086/322293},
    doi = {10.1086/322293},
    arxivId = {astro-ph/0011472},
    keywords = {Astrophysics, Cosmology: Theory, Galaxies: Formation, Methods: Numerical, Stars: Formation}
}

@article{Zahid2017StellarRate,
    title = {{Stellar Absorption Line Analysis of Local Star-Forming Galaxies: The Relation Between Stellar Mass, Metallicity, Dust Attenuation and Star Formation Rate}},
    year = {2017},
    journal = {ApJ},
    author = {Zahid, H. Jabran and Kudritzki, Rolf-Peter and Conroy, Charlie and Andrews, Brett and Ho, I-Ting and Zahid, H. Jabran and Kudritzki, Rolf-Peter and Conroy, Charlie and Andrews, Brett and Ho, I. -Ting},
    number = {1},
    month = {8},
    pages = {18},
    volume = {847},
    url = {http://stacks.iop.org/0004-637X/847/i=1/a=18?key=crossref.cf5cdcba6ea82674f4e70c6f1bf17405 http://arxiv.org/abs/1708.07107 http://dx.doi.org/10.3847/1538-4357/aa88ae},
    doi = {10.3847/1538-4357/aa88ae},
    issn = {1538-4357},
    arxivId = {1708.07107},
    keywords = {Astrophysics, Astrophysics of Galaxies, General Physics, Physics, galaxies: ISM, galaxies: abundances, galaxies: evolution, galaxies: formation}
}

@article{Byler2018StellarGalaxies,
    title = {{Stellar and Nebular Diagnostics in the Ultraviolet for Star-forming Galaxies}},
    year = {2018},
    journal = {ApJ},
    author = {Byler, Nell and Dalcanton, Julianne J. and Conroy, Charlie and Johnson, Benjamin D. and Levesque, Emily M. and Berg, Danielle A.},
    number = {1},
    month = {8},
    pages = {14},
    volume = {863},
    publisher = {American Astronomical Society},
    doi = {10.3847/1538-4357/aacd50},
    issn = {1538-4357},
    arxivId = {1803.04425}
}

@article{Sommariva2012Stellar3,
    title = {{Stellar metallicity of star-forming galaxies at z ∼ 3}},
    year = {2012},
    journal = {A{\&}A},
    author = {Sommariva, V. and Mannucci, F. and Cresci, G. and Maiolino, R. and Marconi, A. and Nagao, T. and Baroni, A. and Grazian, A.},
    volume = {539},
    doi = {10.1051/0004-6361/201118134},
    issn = {00046361},
    arxivId = {1112.2403},
    keywords = {Galaxies: evolution, Galaxies: high-redshift}
}

@article{AllendePrieto2001TheSun,
    title = {{The 'Forbidden' Abundance of Oxygen in the Sun}},
    year = {2001},
    journal = {ApJ},
    author = {Allende Prieto, Carlos and Lambert, David L. and Asplund, Martin},
    number = {1},
    month = {6},
    pages = {L63-L66},
    volume = {556},
    publisher = {IOP Publishing},
    url = {http://arxiv.org/abs/astro-ph/0106360 http://dx.doi.org/10.1086/322874},
    doi = {10.1086/322874},
    arxivId = {astro-ph/0106360},
    keywords = {Subject headings, Sun, abundances-Sun, photosphere}
}

@article{Gunn2006TheSurvey,
    title = {{The 2.5 m Telescope of the Sloan Digital Sky Survey}},
    year = {2006},
    journal = {AJ},
    author = {Gunn, James E. and Siegmund, Walter A. and Mannery, Edward J. and Owen, Russell E. and Hull, Charles L. and Leger, R. French and Carey, Larry N. and Knapp, Gillian R. and York, Donald G. and Boroski, William N. and Kent, Stephen M. and Lupton, Robert H. and Rockosi, Constance M. and Evans, Michael L. and Waddell, Patrick and Anderson, John E. and Annis, James and Barentine, John C. and Bartoszek, Larry M. and Bastian, Steven and Bracker, Stephen B. and Brewington, Howard J. and Briegel, Charles I. and Brinkmann, Jon and Brown, Yorke J. and Carr, Michael A. and Czarapata, Paul C. and Drennan, Craig C. and Dombeck, Thomas and Federwitz, Glenn R. and Gillespie, Bruce A. and Gonzales, Carlos and Hansen, Sten U. and Harvanek, Michael and Hayes, Jeffrey and Jordan, Wendell and Kinney, Ellyne and Klaene, Mark and Kleinman, S. J. and Kron, Richard G. and Kresinski, Jurek and Lee, Glenn and Limmongkol, Siriluk and Lindenmeyer, Carl W. and Long, Daniel C. and Loomis, Craig L. and McGehee, Peregrine M. and Mantsch, Paul M. and Neilsen, Jr., Eric H. and Neswold, Richard M. and Newman, Peter R. and Nitta, Atsuko and Peoples, Jr., John and Pier, Jeffrey R. and Prieto, Peter S. and Prosapio, Angela and Rivetta, Claudio and Schneider, Donald P. and Snedden, Stephanie and Wang, Shu-i},
    number = {4},
    month = {4},
    pages = {2332--2359},
    volume = {131},
    publisher = {IOP Publishing},
    url = {http://stacks.iop.org/1538-3881/131/i=4/a=2332},
    doi = {10.1086/500975},
    issn = {0004-6256}
}

@article{Gallazzi2005TheUniverse,
    title = {{The ages and metallicities of galaxies in the local universe}},
    year = {2005},
    journal = {MNRAS},
    author = {Gallazzi, Anna and Charlot, Stéphane and Brinchmann, Jarle and White, Simon D.M. and Tremonti, Christy A.},
    number = {1},
    month = {9},
    pages = {41--58},
    volume = {362},
    publisher = {Blackwell Publishing Ltd},
    url = {https://academic.oup.com/mnras/article-abstract/362/1/41/1344664},
    doi = {10.1111/j.1365-2966.2005.09321.x},
    issn = {00358711},
    arxivId = {astro-ph/0506539},
    keywords = {Galaxies: evolution, Galaxies: formation, Galaxies: stellar content}
}

@article{Bresolin2006TheAbundances,
    title = {{The Araucaria Project. VLT spectra of blue supergiants in WLM: classification and first abundances}},
    year = {2006},
    journal = {ApJ},
    author = {Bresolin, Fabio and Pietrzynski, Grzegorz and Urbaneja, Miguel A. and Gieren, Wolfgang and Kudritzki, Rolf-Peter and Venn, Kim A.},
    number = {2},
    month = {5},
    pages = {1007--1019},
    volume = {648},
    publisher = {IOP Publishing},
    url = {http://arxiv.org/abs/astro-ph/0605640 http://dx.doi.org/10.1086/506200},
    doi = {10.1086/506200},
    arxivId = {astro-ph/0605640},
    keywords = {Astrophysics, Galaxies: Abundances, Galaxies: Individual: Alphanumeric: WLM, Galaxies: Stellar Content, Stars: Early, Type}
}

@article{GonzalezDelgado2015TheSequence,
    title = {{The CALIFA survey across the Hubble sequence}},
    year = {2015},
    journal = {A{\&}A},
    author = {Gonz{\'{a}}lez Delgado, R. M. and Garc{\'{i}}a-Benito, R. and P{\'{e}}rez, E. and Cid Fernandes, R. and de Amorim, A. L. and Cortijo-Ferrero, C. and Lacerda, E. A. D. and L{\'{o}}pez Fern{\'{a}}ndez, R. and Vale-Asari, N. and S{\'{a}}nchez, S. F. and Moll{\'{a}}, M. and Ruiz-Lara, T. and S{\'{a}}nchez-Bl{\'{a}}zquez, P. and Walcher, C. J. and Alves, J. and Aguerri, J. A. L. and Bekerait{\'{e}}, S. and Bland-Hawthorn, J. and Galbany, L. and Gallazzi, A. and Husemann, B. and Iglesias-P{\'{a}}ramo, J. and Kalinova, V. and L{\'{o}}pez-S{\'{a}}nchez, A. R. and Marino, R. A. and M{\'{a}}rquez, I. and Masegosa, J. and Mast, D. and M{\'{e}}ndez-Abreu, J. and Mendoza, A. and del Olmo, A. and P{\'{e}}rez, I. and Quirrenbach, A. and Zibetti, S.},
    month = {9},
    pages = {A103},
    volume = {581},
    url = {http://www.aanda.org/10.1051/0004-6361/201525938},
    doi = {10.1051/0004-6361/201525938}
}

@article{Asplund2009TheSun,
    title = {{The Chemical Composition of the Sun}},
    year = {2009},
    journal = {ARA{\&}A},
    author = {Asplund, Martin and Grevesse, Nicolas and Sauval, A. Jacques and Scott, Pat},
    number = {1},
    month = {9},
    pages = {481--522},
    volume = {47},
    publisher = {Annual Reviews},
    url = {https://ui.adsabs.harvard.edu/abs/2009ARA&A..47..481A/abstract},
    doi = {10.1146/annurev.astro.46.060407.145222},
    issn = {0066-4146},
    arxivId = {0909.0948},
    keywords = {Astrophysics, Earth and Planetary Astrophysics, Solar and Stellar Astrophysics}
}

@article{Chiappini1996TheModel,
    title = {{The Chemical Evolution of the Galaxy: the two-infall model}},
    year = {1996},
    journal = {ApJ},
    author = {Chiappini, C. and Matteucci, F. and Gratton, R.},
    number = {2},
    month = {9},
    pages = {765--780},
    volume = {477},
    publisher = {IOP Publishing},
    url = {http://arxiv.org/abs/astro-ph/9609199 http://dx.doi.org/10.1086/303726},
    doi = {10.1086/303726},
    arxivId = {astro-ph/9609199},
    keywords = {2), Astrophysics, ISM: Jets and Outflows, ISM: Molecules, ISM: Structure, ISM: individual (HH 1, Stars: Formation}
}

@article{Kennicutt2003TheScale,
    title = {{The Composition Gradient in M101 Revisited. II. Electron Temperatures and Implications for the Nebular Abundance Scale}},
    year = {2003},
    journal = {ApJ},
    author = {Kennicutt, Robert C. and Bresolin, Fabio and Garnett, Donald R.},
    number = {2},
    month = {7},
    pages = {801--820},
    volume = {591},
    publisher = {IOP Publishing},
    doi = {10.1086/375398},
    issn = {0004-637X},
    arxivId = {astro-ph/0303452},
    keywords = {Astrophysics, Galaxies: Abundances, Galaxies: ISM, Galaxies: Individual: Messier Number: M101, Galaxies: Individual: NGC Number: NGC 5457, Galaxies: Spiral, ISM: H II Regions}
}

@article{Panter2008TheRecord,
    title = {{The Cosmic Evolution of Metallicity from the SDSS Fossil Record}},
    year = {2008},
    journal = {MNRAS},
    author = {Panter, Benjamin and Jimenez, Raul and Heavens, Alan F. and Charlot, Stephane},
    number = {3},
    month = {4},
    pages = {1117--1126},
    volume = {391},
    url = {http://arxiv.org/abs/0804.3091 http://dx.doi.org/10.1111/j.1365-2966.2008.13981.x},
    doi = {10.1111/j.1365-2966.2008.13981.x},
    arxivId = {0804.3091},
    keywords = {Galaxies: abundances, Galaxies: evolution, Galaxies: statistics}
}

@article{Belfiore2019TheModeling,
    title = {{The Data Analysis Pipeline for the SDSS-IV MaNGA IFU Galaxy Survey: Emission-Line Modeling}},
    year = {2019},
    journal = {AJ},
    author = {Belfiore, Francesco and Westfall, Kyle B. and Schaefer, Adam and Cappellari, Michele and Ji, Xihan and Bershady, Matthew A. and Tremonti, Christy and Law, David R. and Yan, Renbin and Bundy, Kevin and Shetty, Shravan and Drory, Niv and Thomas, Daniel and Emsellem, Eric and S{\'{a}}nchez, Sebastián F.},
    number = {4},
    month = {1},
    pages = {160},
    volume = {158},
    url = {https://iopscience.iop.org/article/10.3847/1538-3881/ab3e4e http://arxiv.org/abs/1901.00866 http://dx.doi.org/10.3847/1538-3881/ab3e4e},
    doi = {10.3847/1538-3881/ab3e4e},
    issn = {1538-3881},
    arxivId = {1901.00866},
    keywords = {Astrophysics, Astrophysics of Galaxies, methods: data analysis, surveys, techniques: imaging spectroscopy}
}

@article{Westfall2019TheOverview,
    title = {{The Data Analysis Pipeline for the SDSS-IV MaNGA IFU Galaxy Survey: Overview}},
    year = {2019},
    journal = {AJ},
    author = {Westfall, Kyle B. and Cappellari, Michele and Bershady, Matthew A. and Bundy, Kevin and Belfiore, Francesco and Ji, Xihan and Law, David R. and Schaefer, Adam and Shetty, Shravan and Tremonti, Christy A. and Yan, Renbin and Andrews, Brett H. and Brownstein, Joel R. and Cherinka, Brian and Coccato, Lodovico and Drory, Niv and Maraston, Claudia and Parikh, Taniya and S{\'{a}}nchez-Gallego, José R. and Thomas, Daniel and Weijmans, Anne-Marie and Barrera-Ballesteros, Jorge and Du, Cheng and Goddard, Daniel and Li, Niu and Masters, Karen and Ibarra Medel, Héctor Javier and S{\'{a}}nchez, Sebastián F. and Yang, Meng and Zheng, Zheng and Zhou, Shuang},
    number = {6},
    month = {11},
    pages = {231},
    volume = {158},
    publisher = {American Astronomical Society},
    doi = {10.3847/1538-3881/ab44a2},
    issn = {1538-3881},
    arxivId = {1901.00856},
    keywords = {Astrophysics, Astrophysics of Galaxies, galaxies: fundamental parameters, galaxies: general, methods: data analysis, surveys, techniques: imaging spectroscopy}
}

@article{Law2016TheSurvey,
    title = {{The Data Reduction Pipeline for the SDSS-IV MaNGA IFU Galaxy Survey}},
    year = {2016},
    journal = {AJ},
    author = {Law, David R. and Cherinka, Brian and Yan, Renbin and Andrews, Brett H. and Bershady, Matthew A. and Bizyaev, Dmitry and Blanc, Guillermo A. and Blanton, Michael R. and Bolton, Adam S. and Brownstein, Joel R. and Bundy, Kevin and Chen, Yanmei and Drory, Niv and D'Souza, Richard and Fu, Hai and Jones, Amy and Kauffmann, Guinevere and MacDonald, Nicholas and Masters, Karen L. and Newman, Jeffrey A. and Parejko, John K. and S{\'{a}}nchez-Gallego, José R. and S{\'{a}}nchez, Sebastian F. and Schlegel, David J. and Thomas, Daniel and Wake, David A. and Weijmans, Anne-Marie and Westfall, Kyle B. and Zhang, Kai},
    number = {4},
    month = {7},
    pages = {83},
    volume = {152},
    url = {http://stacks.iop.org/1538-3881/152/i=4/a=83?key=crossref.f395a5d2d9c5689e34087070380f7628 http://arxiv.org/abs/1607.08619 http://dx.doi.org/10.3847/0004-6256/152/4/83},
    doi = {10.3847/0004-6256/152/4/83},
    issn = {1538-3881},
    arxivId = {1607.08619},
    keywords = {Astrophysics, Instrumentation and Methods for Astrophysics, methods: data analysis, surveys, techniques: imaging spectroscopy}
}

@article{Scudder2012TheEnvironment,
    title = {{The dependence of galaxy group star formation rates and metallicities on large-scale environment}},
    year = {2012},
    journal = {MNRAS},
    author = {Scudder, Jillian M. and Ellison, Sara L. and Mendel, J. Trevor},
    number = {3},
    month = {7},
    pages = {2690--2704},
    volume = {423},
    doi = {10.1111/j.1365-2966.2012.21080.x},
    issn = {00358711},
    arxivId = {1204.2828},
    keywords = {Galaxies: abundances, Galaxies: evolution, Galaxies: groups: general, Galaxies: interactions, Galaxies: star formation}
}

@article{Liang2007TheTemperature,
    title = {{The direct oxygen abundances of metal-rich galaxies derived from electron temperature}},
    year = {2007},
    journal = {A{\&}A},
    author = {Liang, Y. C. and Hammer, F. and Yin, S. Y. and Flores, H. and Rodrigues, M. and Yang, Yanbin},
    number = {2},
    month = {8},
    pages = {411--421},
    volume = {473},
    publisher = {EDP Sciences},
    url = {http://arxiv.org/abs/0708.1648 http://dx.doi.org/10.1051/0004-6361:20077436},
    doi = {10.1051/0004-6361:20077436},
    arxivId = {0708.1648},
    keywords = {Galaxies: ISM, Galaxies: abundances, Galaxies: evolution, Galaxies: spiral, Galaxies: starburst-Galaxies: stellar content}
}

@article{Stasinska2002TheNebulae,
    title = {{The electron temperature in ionized nebulae}},
    year = {2002},
    journal = {Rev. Mex. AA conf. Ser.},
    author = {Stasi{\'{n}}ska, Grazyna},
    month = {2},
    pages = {62},
    volume = {12},
    url = {http://arxiv.org/abs/astro-ph/0102403},
    arxivId = {astro-ph/0102403}
}

@article{Kauffmann2004TheGalaxies,
    title = {{The environmental dependence of the relations between stellar mass, structure, star formation and nuclear activity in galaxies}},
    year = {2004},
    journal = {MNRAS},
    author = {Kauffmann, Guinevere and White, Simon D.M. and Heckman, Timothy M. and M{\'{e}}nard, Brice and Brinchmann, Jarle and Charlot, Stéphane and Tremonti, Christy and Brinkmann, Jon},
    number = {3},
    month = {9},
    pages = {713--731},
    volume = {353},
    url = {https://academic.oup.com/mnras/article-abstract/353/3/713/1078927},
    doi = {10.1111/j.1365-2966.2004.08117.x},
    issn = {00358711},
    arxivId = {astro-ph/0402030},
    keywords = {Galaxies: evolution, Galaxies: formation, Galaxies: stellar content}
}

@article{Talbot1971TheModel,
    title = {{The Evolution of Galaxies. I. Formulation and Mathematical Behavior of the One-Zone Model}},
    year = {1971},
    journal = {ApJ},
    author = {Talbot, Raymond J. and Arnett, W. David},
    month = {12},
    pages = {409},
    volume = {170},
    publisher = {IOP Publishing},
    url = {https://ui.adsabs.harvard.edu/abs/1971ApJ...170..409T/abstract},
    doi = {10.1086/151228},
    issn = {0004-637X}
}

@article{Garnett2004TheM51,
    title = {{The First Measured Electron Temperatures for Metal-rich H ii Regions in M51}},
    year = {2004},
    journal = {ApJ},
    author = {Garnett, Donald R. and Kennicutt, Robert C. and Bresolin, Fabio},
    number = {1},
    month = {5},
    pages = {L21-L24},
    volume = {607},
    publisher = {IOP Publishing},
    doi = {10.1086/421489},
    issn = {0004-637X},
    keywords = {Galaxies: Abundances, Galaxies: Evolution, Galaxies: Individual: NGC Number: NGC 5194, Galaxies: Spiral}
}

@article{vandenBergh1962TheAbundances.,
    title = {{The frequency of stars with different metal abundances.}},
    year = {1962},
    journal = {AJ},
    author = {van den Bergh, S.},
    month = {10},
    pages = {486},
    volume = {67},
    publisher = {IOP Publishing},
    url = {https://ui.adsabs.harvard.edu/abs/1962AJ.....67..486V/abstract},
    doi = {10.1086/108757},
    issn = {00046256}
}

@article{Loebman2010TheMigration,
    title = {{The Genesis of the Milky Way's Thick Disk via Stellar Migration}},
    year = {2010},
    journal = {ApJ},
    author = {Loebman, Sarah R. and Roskar, Rok and Debattista, Victor P. and Ivezic, Zeljko and Quinn, Thomas R. and Wadsley, James},
    number = {1},
    month = {9},
    pages = {8},
    volume = {737},
    url = {http://stacks.iop.org/0004-637X/737/i=1/a=8?key=crossref.1f1aa48a0ddb331955f5f2d1bfcb22d6 http://arxiv.org/abs/1009.5997 http://dx.doi.org/10.1088/0004-637X/737/1/8},
    doi = {10.1088/0004-637X/737/1/8},
    issn = {0004-637X},
    arxivId = {1009.5997},
    keywords = {Astrophysics, Astrophysics of Galaxies, Galaxy: evolution, Galaxy: kinematics and dynamics, Galaxy: stellar content, Galaxy: structure, galaxies: spiral, solar neighborhood}
}

@article{Holmberg2007TheDisk,
    title = {{The Geneva-Copenhagen Survey of the Solar neighbourhood II. New uvby calibrations and rediscussion of stellar ages, the G dwarf problem, age-metallicity diagram, and heating mechanisms of the disk}},
    year = {2007},
    journal = {A{\&}A},
    author = {Holmberg, J. and Nordstrom, B. and Andersen, J.},
    number = {2},
    month = {7},
    pages = {519--537},
    volume = {475},
    url = {http://arxiv.org/abs/0707.1891 http://dx.doi.org/10.1051/0004-6361:20077221},
    doi = {10.1051/0004-6361:20077221},
    arxivId = {0707.1891},
    keywords = {Galaxy: disk, Galaxy: evolution, Galaxy: kinematics and dynamics, Galaxy: solar neighbourhood, Galaxy: stellar content, Stars: fundamental parameters}
}

@article{Perez-Montero2009TheLines,
    title = {{The impact of the nitrogen-to-oxygen ratio on ionized nebula diagnostics based on [N ii] emission lines}},
    year = {2009},
    journal = {MNRAs},
    author = {P{\'{e}}rez-Montero, Enrique and Contini, Thierry},
    number = {2},
    month = {9},
    pages = {949--960},
    volume = {398},
    doi = {10.1111/j.1365-2966.2009.15145.x},
    issn = {00358711},
    arxivId = {0905.4621},
    keywords = {Galaxies: abundances, Galaxies: starburst, H ii regions, ISM: abundances}
}

@article{Casuso2004TheDisc,
    title = {{The K-dwarf problem and the time-dependence of gaseous accretion to the Galactic disc}},
    year = {2004},
    journal = {A{\&}A},
    author = {Casuso, E. and Beckman, J. E.},
    number = {1},
    month = {5},
    pages = {181--190},
    volume = {419},
    url = {http://dx.doi.org/10.1051/0004-6361:20034393},
    doi = {10.1051/0004-6361:20034393},
    issn = {00046361},
    keywords = {Galaxy: abundances, Galaxy: disk, Galaxy: evolution, ISM: evolution}
}

@article{Woolf2012TheGalaxy,
    title = {{The M Dwarf Problem in the Galaxy}},
    year = {2012},
    journal = {MNRAS},
    author = {Woolf, Vincent M. and West, Andrew A.},
    number = {2},
    month = {2},
    pages = {1489--1494},
    volume = {422},
    url = {http://arxiv.org/abs/1202.3078 http://dx.doi.org/10.1111/j.1365-2966.2012.20722.x},
    doi = {10.1111/j.1365-2966.2012.20722.x},
    arxivId = {1202.3078},
    keywords = {Galaxy: Abundances, Galaxy: Evolution, Galaxy: Stellar content, Stars: Abundances, Stars: Late-type, Stars: Statistics}
}

@article{Woolf2020TheStars,
    title = {{The M dwarf problem: Fe and Ti abundances in a volume-limited sample of M dwarf stars}},
    year = {2020},
    journal = {MNRAS},
    author = {Woolf, Vincent M. and Wallerstein, George},
    number = {2},
    month = {5},
    pages = {2718--2726},
    volume = {494},
    publisher = {arXiv},
    url = {http://arxiv.org/abs/2003.11447 http://dx.doi.org/10.1093/mnras/staa878 https://academic.oup.com/mnras/article/494/2/2718/5817353},
    doi = {10.1093/mnras/staa878},
    issn = {0035-8711},
    arxivId = {2003.11447},
    keywords = {Galaxy: abundances, Galaxy: evolution, Galaxy: stellar content, Stars: abundances, Stars: late-type, Stars: statistics}
}

@article{Drory2015THETELESCOPE,
    title = {{THE MANGA INTEGRAL FIELD UNIT FIBER FEED SYSTEM FOR THE SLOAN 2.5 M TELESCOPE}},
    year = {2015},
    journal = {AJ},
    author = {Drory, N. and MacDonald, N. and Bershady, M. A. and Bundy, K. and Gunn, J. and Law, D. R. and Smith, M. and Stoll, R. and Tremonti, C. A. and Wake, D. A. and Yan, R. and Weijmans, A. M. and Byler, N. and Cherinka, B. and Cope, F. and Eigenbrot, A. and Harding, P. and Holder, D. and Huehnerhoff, J. and Jaehnig, K. and Jansen, T. C. and Klaene, M. and Paat, A. M. and Percival, J. and Sayres, C.},
    number = {2},
    month = {1},
    pages = {77},
    volume = {149},
    publisher = {IOP Publishing},
    url = {http://stacks.iop.org/1538-3881/149/i=2/a=77?key=crossref.3a5f9ea66724ccc32c628435286f116d},
    doi = {10.1088/0004-6256/149/2/77},
    issn = {1538-3881}
}

@article{McMillan2017TheWay,
    title = {{The mass distribution and gravitational potential of the Milky Way}},
    year = {2017},
    journal = {MNRAS},
    author = {McMillan, Paul J.},
    number = {1},
    pages = {76--94},
    volume = {465},
    publisher = {Oxford University Press},
    url = {https://academic.oup.com/mnras/article/465/1/76/2417479},
    doi = {10.1093/mnras/stw2759},
    issn = {13652966},
    arxivId = {1608.00971},
    keywords = {Galaxy: fundamental parameters, Galaxy: kinematics and dynamics, Galaxy: structure, Methods: statistical}
}

@article{Curti2020TheGalaxies,
    title = {{The mass-metallicity and the fundamental metallicity relation revisited on a fully Te-based abundance scale for galaxies}},
    year = {2020},
    journal = {MNRAS},
    author = {Curti, Mirko and Mannucci, Filippo and Cresci, Giovanni and Maiolino, Roberto},
    number = {1},
    month = {1},
    pages = {944--964},
    volume = {491},
    publisher = {Oxford University Press},
    doi = {10.1093/mnras/stz2910},
    issn = {13652966},
    arxivId = {1910.00597},
    keywords = {Galaxies: ISM, Galaxies: abundances, Galaxies: evolution, ISM: abundances}
}

@article{Erb2006TheZ2,
    title = {{The Mass-Metallicity Relation at z{\~{}}2}},
    year = {2006},
    journal = {ApJ},
    author = {Erb, Dawn K. and Shapley, Alice E. and Pettini, Max and Steidel, Charles C. and Reddy, Naveen A. and Adelberger, Kurt L.},
    number = {2},
    month = {2},
    pages = {813--828},
    volume = {644},
    publisher = {IOP Publishing},
    url = {http://arxiv.org/abs/astro-ph/0602473 http://dx.doi.org/10.1086/503623},
    doi = {10.1086/503623},
    arxivId = {astro-ph/0602473},
    keywords = {Subject headingg s, abundances-galaxies, evolution-galaxies, galaxies, high-redshift}
}

@article{Sanchez2017TheCALIFA,
    title = {{The mass-metallicity relation revisited with CALIFA}},
    year = {2017},
    journal = {MNRAS},
    author = {S{\'{a}}nchez, S. F. and Barrera-Ballesteros, J. K. and S{\'{a}}nchez-Menguiano, L. and Walcher, C. J. and Marino, R. A. and Galbany, L. and Bland-Hawthorn, J. and Cano-D{\'{i}}az, M. and Garc{\'{i}}a-Benito, R. and L{\'{o}}pez-Cob{\'{a}}, C. and Zibetti, S. and Vilchez, J. M. and Igl{\'{e}}sias-P{\'{a}}ramo, J. and Kehrig, C. and L{\'{o}}pez S{\'{a}}nchez, A. R. and Puertas, S. Duarte and Ziegler, B.},
    number = {2},
    pages = {2121--2140},
    volume = {469},
    publisher = {Oxford University Press},
    doi = {10.1093/mnras/stx808},
    issn = {13652966},
    arxivId = {1703.09769},
    keywords = {Galaxies: ISM, Galaxies: abundances, Galaxies: evolution, Techniques: spectroscopic}
}

@article{Rocha-Pinto1996TheNeighbourhood,
    title = {{The metallicity distribution of G dwarfs in the solar neighbourhood}},
    year = {1996},
    journal = {MNRAS},
    author = {Rocha-Pinto, Helio J. and Maciel, Walter J.},
    number = {2},
    month = {10},
    pages = {447--458},
    volume = {279},
    publisher = {Blackwell Publishing Ltd},
    url = {http://arxiv.org/abs/astro-ph/9510101 http://dx.doi.org/10.1093/mnras/279.2.447},
    doi = {10.1093/mnras/279.2.447},
    arxivId = {astro-ph/9510101},
    keywords = {Galaxy: evolution, Solar neighbourhood, Stars: abundances, Stars: late-type}
}

@article{Smee2013THESURVEY,
    title = {{THE MULTI-OBJECT, FIBER-FED SPECTROGRAPHS FOR THE SLOAN DIGITAL SKY SURVEY AND THE BARYON OSCILLATION SPECTROSCOPIC SURVEY}},
    year = {2013},
    journal = {AJ},
    author = {Smee, Stephen A. and Gunn, James E. and Uomoto, Alan and Roe, Natalie and Schlegel, David and Rockosi, Constance M. and Carr, Michael A. and Leger, French and Dawson, Kyle S. and Olmstead, Matthew D. and Brinkmann, Jon and Owen, Russell and Barkhouser, Robert H. and Honscheid, Klaus and Harding, Paul and Long, Dan and Lupton, Robert H. and Loomis, Craig and Anderson, Lauren and Annis, James and Bernardi, Mariangela and Bhardwaj, Vaishali and Bizyaev, Dmitry and Bolton, Adam S. and Brewington, Howard and Briggs, John W. and Burles, Scott and Burns, James G. and Castander, Francisco Javier and Connolly, Andrew and Davenport, James R. A. and Ebelke, Garrett and Epps, Harland and Feldman, Paul D. and Friedman, Scott D. and Frieman, Joshua and Heckman, Timothy and Hull, Charles L. and Knapp, Gillian R. and Lawrence, David M. and Loveday, Jon and Mannery, Edward J. and Malanushenko, Elena and Malanushenko, Viktor and Merrelli, Aronne James and Muna, Demitri and Newman, Peter R. and Nichol, Robert C. and Oravetz, Daniel and Pan, Kaike and Pope, Adrian C. and Ricketts, Paul G. and Shelden, Alaina and Sandford, Dale and Siegmund, Walter and Simmons, Audrey and Smith, D. Shane and Snedden, Stephanie and Schneider, Donald P. and SubbaRao, Mark and Tremonti, Christy and Waddell, Patrick and York, Donald G.},
    number = {2},
    month = {7},
    pages = {32},
    volume = {146},
    publisher = {IOP Publishing},
    url = {http://stacks.iop.org/1538-3881/146/i=2/a=32?key=crossref.d156471580f8c4459650597033951b06},
    doi = {10.1088/0004-6256/146/2/32},
    issn = {0004-6256}
}

@article{vanderWalt2011TheComputation,
    title = {{The NumPy array: A structure for efficient numerical computation}},
    year = {2011},
    journal = {Comput. Sci. Eng.},
    author = {van der Walt, Stéfan and Colbert, S. Chris and Varoquaux, Gaël},
    number = {2},
    pages = {22--30},
    volume = {13},
    doi = {10.1109/MCSE.2011.37},
    issn = {15219615},
    arxivId = {1102.1523},
    keywords = {NumPy, Python, numerical computations, programming libraries, scientific programming}
}

@article{Zahid2012TheGalaxies,
    title = {{The Observed Relation between Stellar Mass, Dust Extinction and Star Formation Rate in Local Galaxies}},
    year = {2012},
    journal = {ApJ},
    author = {Zahid, H. Jabran and Yates, Robert M. and Kewley, Lisa J. and Kudritzki, Rolf-Peter},
    number = {2},
    month = {11},
    pages = {92},
    volume = {763},
    url = {http://stacks.iop.org/0004-637X/763/i=2/a=92?key=crossref.2a28bc7ec57017217ab66f47a8366741 http://arxiv.org/abs/1211.7062 http://dx.doi.org/10.1088/0004-637X/763/2/92},
    doi = {10.1088/0004-637X/763/2/92},
    issn = {0004-637X},
    arxivId = {1211.7062},
    keywords = {Astrophysics, Cosmology and Nongalactic Astrophysics, ISM: abundances, dust, extinction, galaxies: ISM, galaxies: abundances, galaxies: star formation}
}

@article{Ma2016TheRelation,
    title = {{The origin and evolution of the galaxy mass-metallicity relation}},
    year = {2016},
    journal = {MNRAS},
    author = {Ma, Xiangcheng and Hopkins, Philip F. and Faucher-Gigu{\`{e}}re, Claude André and Zolman, Nick and Muratov, Alexander L. and Kere{\v{s}}, Dušan and Quataert, Eliot},
    number = {2},
    month = {2},
    pages = {2140--2156},
    volume = {456},
    publisher = {Oxford University Press},
    doi = {10.1093/mnras/stv2659},
    issn = {13652966},
    arxivId = {1504.02097},
    keywords = {Cosmology: theory, Galaxies: evolution, Galaxies: formation}
}

@article{Finlator2008TheOutflows,
    title = {{The origin of the galaxy mass-metallicity relation and implications for galactic outflows}},
    year = {2008},
    journal = {MNRAS},
    author = {Finlator, Kristian and Dav{\'{e}}, Romeel},
    number = {4},
    month = {4},
    pages = {2181--2204},
    volume = {385},
    url = {https://ui.adsabs.harvard.edu/abs/2008MNRAS.385.2181F/abstract},
    doi = {10.1111/j.1365-2966.2008.12991.x},
    issn = {00358711},
    arxivId = {0704.3100},
    keywords = {Cosmology: theory, Galaxies: abundances, Galaxies: evolution}
}

@article{Tremonti2004TheSDSS,
    title = {{The Origin of the Mass--Metallicity Relation: Insights from 53,000 Star-Forming Galaxies in the SDSS}},
    year = {2004},
    journal = {ApJ},
    author = {Tremonti, C. A. and Heckman, T. M. and Kauffmann, G. and Brinchmann, J. and Charlot, S. and White, S. D. M. and Seibert, M. and Peng, E. W. and Schlegel, D. J. and Uomoto, A. and Fukugita, M. and Brinkmann, J.},
    number = {2},
    month = {5},
    pages = {898--913},
    volume = {613},
    url = {http://arxiv.org/abs/astro-ph/0405537 http://dx.doi.org/10.1086/423264},
    doi = {10.1086/423264},
    issn = {0004-637X},
    arxivId = {astro-ph/0405537},
    keywords = {Astrophysics, Galaxies: Abundances, Galaxies: Evolution, Galaxies: Fundamental Parameters, Galaxies: Statistics}
}

@article{Brinchmann2004TheUniverse,
    title = {{The physical properties of star-forming galaxies in the low-redshift Universe}},
    year = {2004},
    journal = {MNRAS},
    author = {Brinchmann, J. and Charlot, S. and White, S. D. M. and Tremonti, C. and Kauffmann, G. and Heckman, T. and Brinkmann, J.},
    number = {4},
    month = {7},
    pages = {1151--1179},
    volume = {351},
    publisher = {Narnia},
    url = {https://academic.oup.com/mnras/article-lookup/doi/10.1111/j.1365-2966.2004.07881.x},
    doi = {10.1111/j.1365-2966.2004.07881.x},
    issn = {00358711}
}

@article{Boissier2004TheGalaxies,
    title = {{The radial extinction profiles of late-type galaxies}},
    year = {2004},
    journal = {A{\&}A},
    author = {Boissier, S. and Boselli, A. and Buat, V. and Donas, J. and Milliard, B.},
    number = {2},
    month = {9},
    pages = {465--476},
    volume = {424},
    publisher = {EDP Sciences},
    url = {http://www.aanda.org/10.1051/0004-6361:20047024},
    doi = {10.1051/0004-6361:20047024},
    issn = {0004-6361},
    keywords = {ISM: dust, extinction, galaxies: spiral, ultraviolet: galaxies}
}

@article{Schmidt1963TheMass.,
    title = {{The Rate of Star Formation. II. The Rate of Formation of Stars of Different Mass.}},
    year = {1963},
    journal = {ApJ},
    author = {Schmidt, Maarten},
    month = {4},
    pages = {758},
    volume = {137},
    publisher = {IOP Publishing},
    url = {https://ui.adsabs.harvard.edu/abs/1963ApJ...137..758S/abstract},
    doi = {10.1086/147553},
    issn = {0004-637X}
}

@article{Wake2017TheConsiderations,
    title = {{The SDSS-IV MaNGA Sample: Design, Optimization, and Usage Considerations}},
    year = {2017},
    journal = {AJ},
    author = {Wake, David A. and Bundy, Kevin and Diamond-Stanic, Aleksandar M. and Yan, Renbin and Blanton, Michael R. and Bershady, Matthew A. and S{\'{a}}nchez-Gallego, José R. and Drory, Niv and Jones, Amy and Kauffmann, Guinevere and Law, David R. and Li, Cheng and MacDonald, Nicholas and Masters, Karen and Thomas, Daniel and Tinker, Jeremy and Weijmans, Anne-Marie and Brownstein, Joel R.},
    number = {3},
    month = {7},
    pages = {86},
    volume = {154},
    url = {http://stacks.iop.org/1538-3881/154/i=3/a=86?key=crossref.9d4d96eb6c549557333a65a09dcd5460 http://arxiv.org/abs/1707.02989 http://dx.doi.org/10.3847/1538-3881/aa7ecc},
    doi = {10.3847/1538-3881/aa7ecc},
    issn = {1538-3881},
    arxivId = {1707.02989},
    keywords = {Astrophysics, Astrophysics of Galaxies, galaxies: evolution, galaxies: general, galaxies: statistics, surveys}
}

@article{Sanchez-Menguiano2018TheGradients,
    title = {{The shape of oxygen abundance profiles explored with MUSE: evidence for widespread deviations from single gradients}},
    year = {2018},
    journal = {A{\&}A},
    author = {S{\'{a}}nchez-Menguiano, L. and S{\'{a}}nchez, S. F. and P{\'{e}}rez, I. and Ruiz-Lara, T. and Galbany, L. and Anderson, J. P. and Kr{\"{u}}hler, T. and Kuncarayakti, H. and Lyman, J. D.},
    pages = {A119},
    volume = {609},
    publisher = {EDP Sciences},
    doi = {10.1051/0004-6361/201731486},
    issn = {14320746},
    arxivId = {1710.01188},
    keywords = {Galaxies: ISM, Galaxies: abundances, Galaxies: evolution, Galaxies: spiral, Techniques: imaging spectroscopy, Techniques: spectroscopic}
}

@article{Mejia-Narvaez2020TheSurvey,
    title = {{The stellar metallicity distribution function of galaxies in the CALIFA survey}},
    year = {2020},
    journal = {MNRAS},
    author = {Mej{\'{i}}a-Narv{\'{a}}ez, A and S{\'{a}}nchez, S F and Lacerda, E A D and Carigi, L and Galbany, L and Husemann, B and Garc{\'{i}}a-Benito, R},
    number = {4},
    month = {10},
    pages = {4838--4853},
    volume = {499},
    publisher = {Oxford University Press (OUP)},
    url = {https://ui.adsabs.harvard.edu/abs/2020MNRAS.499.4838M/abstract},
    doi = {10.1093/mnras/staa3094},
    issn = {0035-8711},
    arxivId = {2009.13712},
    keywords = {Astrophysics, Astrophysics of Galaxies, galaxies: statistics, galaxies: stellar content}
}

@article{Bell2000TheGalaxies,
    title = {{The stellar populations of spiral galaxies}},
    year = {2000},
    journal = {MNRAS},
    author = {Bell, Eric F. and de Jong, Roelof S.},
    month = {3},
    pages = {497},
    volume = {312},
    url = {https://ui.adsabs.harvard.edu/abs/2000MNRAS.312..497B/abstract},
    doi = {10.1046/J.1365-8711.2000.03138.X}
}

@article{Bell2000TheGalaxiesb,
    title = {{The stellar populations of spiral galaxies}},
    year = {2000},
    journal = {MNRAS},
    author = {Bell, Eric F. and de Jong, Roelof S.},
    month = {3},
    pages = {497},
    volume = {312},
    url = {https://ui.adsabs.harvard.edu/abs/2000MNRAS.312..497B/abstract},
    doi = {10.1046/J.1365-8711.2000.03138.X}
}

@article{Yin2007TheGalaxies,
    title = {{The study about the revised R23-P method for metallicity estimates based on {\~{}}20,000 SDSS galaxies}},
    year = {2007},
    journal = {ASP Conference Series},
    author = {Yin, S. Y. and Liang, Y. C. and Zhang, B.},
    month = {1},
    pages = {686},
    volume = {373},
    url = {http://arxiv.org/abs/astro-ph/0701234},
    arxivId = {astro-ph/0701234}
}

@article{Heckman1998TheHigh-Redshift,
    title = {{The Ultraviolet Spectroscopic Properties of Local Starbursts: Implications at High-Redshift}},
    year = {1998},
    journal = {ApJ},
    author = {Heckman, Timothy M. and Robert, Carmelle and Leitherer, Claus and Garnett, Donald R. and van der Rydt, Fabienne},
    number = {2},
    month = {3},
    pages = {646--661},
    volume = {503},
    url = {http://arxiv.org/abs/astro-ph/9803185 http://dx.doi.org/10.1086/306035},
    doi = {10.1086/306035},
    issn = {0004-637X},
    arxivId = {astro-ph/9803185},
    keywords = {Astrophysics, GALAXIES: ABUNDANCES, GALAXIES: EVOLUTION, GALAXIES: FUNDAMENTAL PARAMETERS, GALAXIES: STARBURST, Galaxies: Abundances, Galaxies: Evolution, Galaxies: Fundamental Parameters, Galaxies: Starburst, ULTRAVIOLET: GALAXIES, Ultraviolet: Galaxies}
}

@article{Zahid2014TheRelation,
    title = {{The universal relation of galactic chemical evolution: The origin of the mass-metallicity relation}},
    year = {2014},
    journal = {ApJ},
    author = {Zahid, H. Jabran and Dima, Gabriel I. and Kudritzki, Rolf Peter and Kewley, Lisa J. and Geller, Margaret J. and Hwang, Ho Seong and Silverman, John D. and Kashino, Daichi},
    number = {2},
    month = {8},
    pages = {130},
    volume = {791},
    publisher = {Institute of Physics Publishing},
    doi = {10.1088/0004-637X/791/2/130},
    issn = {15384357},
    arxivId = {1404.7526},
    keywords = {galaxies: evolution, galaxies: high-redshift}
}

@article{Cullen2019The5.0,
    title = {{The VANDELS survey: The stellar metallicities of star-forming galaxies at 2.5 < z < 5.0}},
    year = {2019},
    journal = {MNRAS},
    author = {Cullen, F. and McLure, R. J. and Dunlop, J. S. and Khochfar, S. and Dav{\'{e}}, R. and Amor{\'{i}}n, R. and Bolzonella, M. and Carnall, A. C. and Castellano, M. and Cimatti, A. and Cirasuolo, M. and Cresci, G. and Fynbo, J. P.U. and Fontanot, F. and Gargiulo, A. and Garilli, B. and Guaita, L. and Hathi, N. and Hibon, P. and Mannucci, F. and Marchi, F. and McLeod, D. J. and Pentericci, L. and Pozzetti, L. and Shapley, A. E. and Talia, M. and Zamorani, G.},
    number = {2},
    pages = {2038--2060},
    volume = {487},
    publisher = {Oxford University Press},
    doi = {10.1093/mnras/stz1402},
    issn = {13652966},
    arxivId = {1903.11081},
    keywords = {Galaxies: evolution, Galaxies: high redshift}
}

@article{Gratton1996TheNeighbourhood,
    title = {{The [Fe/O] Ratio in Field Stars and the History of Star Formation of the Solar Neighbourhood}},
    year = {1996},
    journal = {ASPC},
    author = {Gratton, Raffaele and Carretta, Eugenio and Matteucci, Francesca and Sneden, Christopher},
    pages = {307},
    volume = {92},
    url = {https://ui.adsabs.harvard.edu/abs/1996ASPC...92..307G/abstract},
    issn = {1050-3390}
}

@article{Bertelli1994TheoreticalOpacities.,
    title = {{Theoretical isochrones from models with new radiative opacities.}},
    year = {1994},
    journal = {A{\&}AS},
    author = {Bertelli, G. and Bressan, A. and Chiosi, C. and Fagotto, F. and Nasi, E.},
    month = {8},
    pages = {275},
    volume = {106},
    url = {https://ui.adsabs.harvard.edu/abs/1994A%26AS..106..275B/abstract},
    keywords = {FUNDAMENTAL PARAMETERS, HR DIAGRAM, INTERIORS, STARS: EVOLUTION}
}

@article{Kewley2001TheoreticalGalaxies,
    title = {{Theoretical Modeling of Starburst Galaxies}},
    year = {2001},
    journal = {ApJ},
    author = {Kewley, L. J. and Dopita, M. A. and Sutherland, R. S. and Heisler, C. A. and Trevena, J.},
    number = {1},
    month = {7},
    pages = {121--140},
    volume = {556},
    publisher = {IOP Publishing},
    url = {http://stacks.iop.org/0004-637X/556/i=1/a=121},
    doi = {10.1086/321545},
    issn = {0004-637X}
}

@article{Dopita1986TheoreticalSequence,
    title = {{Theoretical models for H II regions. II - The extragalactic H II region abundance sequence}},
    year = {1986},
    journal = {ApJ},
    author = {Dopita, M. A. and Evans, I. N.},
    month = {8},
    pages = {431},
    volume = {307},
    publisher = {IOP Publishing},
    doi = {10.1086/164432},
    issn = {0004-637X},
    keywords = {Abundance, Astronomical Models, Astronomical Spectroscopy, Astrophysics, Cosmochemistry, Emission Spectra, GALAXIES: EVOLUTION, Galactic Evolution, H Ii Regions, Metallicity, NEBULAE: ABUNDANCES, NEBULAE: H II REGIONS, Nebulae}
}

@article{Peterken2019Time-slicingMaNGA,
    title = {{Time-slicing spiral galaxies with SDSS-IV MaNGA}},
    year = {2019},
    journal = {MNRAS},
    author = {Peterken, Thomas and Fraser-McKelvie, Amelia and Arag{\'{o}}n-Salamanca, Alfonso and Merrifield, Michael and Kraljic, Katarina and Knapen, Johan H and Riffel, Rogério and Brownstein, Joel and Drory, Niv},
    number = {1},
    month = {8},
    pages = {1338--1343},
    volume = {489},
    url = {https://academic.oup.com/mnras/article/489/1/1338/5548799 http://arxiv.org/abs/1908.05013 http://dx.doi.org/10.1093/mnras/stz2204},
    doi = {10.1093/mnras/stz2204},
    issn = {0035-8711},
    arxivId = {1908.05013},
    keywords = {Astrophysics, Astrophysics of Galaxies, galaxies: general, galaxies: spiral, galaxies: stellar content, galaxies: structure}
}

@article{Taylor2005TOPCATSoftware,
    title = {{TOPCAT {\&} STIL: Starlink Table / VOTable Processing Software}},
    year = {2005},
    journal = {Astronomical Data Analysis Software and Systems XIV - ASP Conference Series},
    author = {Taylor, Mark B},
    pages = {29--33},
    volume = {347},
    url = {http://articles.adsabs.harvard.edu/cgi-bin/nph-iarticle_query?2005ASPC..347...29T&amp;data_type=PDF_HIGH&amp;whole_paper=YES&amp;type=PRINTER&amp;filetype=.pdf}
}

@article{Izotov2006TwoSurvey,
    title = {{Two extremely metal-poor emission-line galaxies in the Sloan Digital Sky Survey}},
    year = {2006},
    journal = {A{\&}A},
    author = {Izotov, Y. I. and Papaderos, P. and Guseva, N. G. and Fricke, K. J. and Thuan, T. X.},
    number = {1},
    month = {4},
    pages = {137--141},
    volume = {454},
    url = {http://arxiv.org/abs/astro-ph/0604234 http://dx.doi.org/10.1051/0004-6361:20065100},
    doi = {10.1051/0004-6361:20065100},
    arxivId = {astro-ph/0604234},
    keywords = {Galaxies: abundances, Galaxies: fundamental parameters, Galaxies: starburst}
}

@article{CidFernandes2007UncoveringGalaxies,
    title = {{Uncovering the chemical enrichment and mass-assembly histories of star-forming galaxies}},
    year = {2007},
    journal = {MNRAS},
    author = {Cid Fernandes, R. and Asari, N. V. and Sodre, L. and Stasinska, G. and Mateus, A. and Torres-Papaqui, J. P. and Schoenell, W. and {.}},
    number = {1},
    month = {10},
    pages = {16--20},
    volume = {375},
    url = {http://arxiv.org/abs/astro-ph/0610815 http://dx.doi.org/10.1111/j.1745-3933.2006.00265.x},
    doi = {10.1111/j.1745-3933.2006.00265.x},
    arxivId = {astro-ph/0610815},
    keywords = {Galaxies: evolution, Galaxies: statistics, Galaxies: stellar content}
}

@article{Kewley2019UnderstandingLines,
    title = {{Understanding Galaxy Evolution Through Emission Lines}},
    year = {2019},
    journal = {ARA{\&}A},
    author = {Kewley, Lisa J. and Nicholls, David C. and Sutherland, Ralph S.},
    number = {1},
    month = {8},
    pages = {511--570},
    volume = {57},
    url = {https://www.annualreviews.org/doi/10.1146/annurev-astro-081817-051832},
    doi = {10.1146/annurev-astro-081817-051832},
    issn = {0066-4146},
    keywords = {Astrophysics, Astrophysics of Galaxies}
}

@article{Obreschkow2009UnderstandingGalaxies,
    title = {{Understanding the H2/H I ratio in galaxies}},
    year = {2009},
    journal = {MNRAS},
    author = {Obreschkow, D. and Rawlings, S.},
    number = {4},
    month = {4},
    pages = {1857--1874},
    volume = {394},
    url = {https://academic.oup.com/mnras/article/394/4/1857/1200684},
    doi = {10.1111/j.1365-2966.2009.14497.x},
    issn = {00358711},
    arxivId = {0901.2526},
    keywords = {ISM: atoms, ISM: clouds, ISM: molecules, Radio lines: galaxies}
}

@article{Kewley2002UsingGalaxies,
    title = {{Using Strong Lines to Estimate Abundances in Extragalactic H ii Regions and Starburst Galaxies}},
    year = {2002},
    journal = {ApJS},
    author = {Kewley, L. J. and Dopita, M. A.},
    number = {1},
    month = {9},
    pages = {35--52},
    volume = {142},
    publisher = {IOP Publishing},
    doi = {10.1086/341326},
    issn = {0067-0049},
    arxivId = {astro-ph/0206495},
    keywords = {Astrophysics, Galaxies: Abundances, Galaxies: Evolution, Galaxies: Starburst, ISM: Abundances}
}

@article{Vazdekis2016UV-extendedGalaxies,
    title = {{UV-extended E-MILES stellar population models: young components in massive early-type galaxies}},
    year = {2016},
    journal = {MNRAS},
    author = {Vazdekis, A. and Koleva, M. and Ricciardelli, E. and R{\"{o}}ck, B. and Falc{\'{o}}n-Barroso, J.},
    number = {4},
    month = {12},
    pages = {3409--3436},
    volume = {463},
    publisher = {Narnia},
    url = {https://academic.oup.com/mnras/article-lookup/doi/10.1093/mnras/stw2231},
    doi = {10.1093/mnras/stw2231},
    issn = {0035-8711}
}

@article{Bresolin2007VLT1613,
    title = {{VLT Spectroscopy of Blue Supergiants in IC 1613}},
    year = {2007},
    journal = {ApJ},
    author = {Bresolin, Fabio and Urbaneja, Miguel A. and Gieren, Wolfgang and Pietrzy{\'{n}}ski, Grzegorz and Kudritzki, Rolf‐Peter},
    number = {2},
    month = {12},
    pages = {2028--2039},
    volume = {671},
    publisher = {IOP Publishing},
    doi = {10.1086/522571},
    issn = {0004-637X},
    arxivId = {0707.2881},
    keywords = {Astrophysics, Galaxies: Abundances, Galaxies: Individual: Alphanumeric: IC 1613, Galaxies: Stellar Content, Stars: Early, Type}
}

@article{Asad2017YoungCMDs,
    title = {{Young LMC clusters: the role of red supergiants and multiple stellar populations in their integrated light and CMDs}},
    year = {2017},
    journal = {MNRAS},
    author = {Asa'd, Randa S. and Vazdekis, Alexandre and Cervino, Miguel and Noel, Noelia E. D. and Beasley, Michael A. and Kassab, Mahmoud},
    number = {3},
    month = {8},
    pages = {3599--3614},
    volume = {471},
    url = {http://academic.oup.com/mnras/article/471/3/3599/3980206/Young-LMC-clusters-the-role-of-red-supergiants-and http://arxiv.org/abs/1708.00369 http://dx.doi.org/10.1093/mnras/stx1824},
    doi = {10.1093/mnras/stx1824},
    issn = {0035-8711},
    arxivId = {1708.00369},
    keywords = {Astrophysics, Astrophysics of Galaxies, galaxies: star clusters: general, stars: massive}
}

@article{Stasinska2006ArIII/OIIIGalaxies,
    title = {{[ArIII]/[OIII] and [SIII]/[OIII]: well-behaved oxygen abundance indicators for HII regions and star forming galaxies}},
    year = {2006},
    journal = {A{\&}A},
    author = {Stasi{\'{n}}ska, Grazyna},
    number = {3},
    month = {6},
    pages = {L127-L130},
    volume = {454},
    url = {http://arxiv.org/abs/astro-ph/0606455 http://dx.doi.org/10.1051/0004-6361:20065516},
    doi = {10.1051/0004-6361:20065516},
    arxivId = {astro-ph/0606455},
    keywords = {Galaxies: ISM, Galaxies: abundances, ISM: HII regions, ISM: abundances}
}

@article{Pettini2004ORedshift,
    title = {{[O III]/[N II] as an abundance indicator at high redshift}},
    year = {2004},
    journal = {MNRAS},
    author = {Pettini, Max and Pagel, Bernard E.J.},
    number = {3},
    month = {3},
    pages = {L59-L63},
    volume = {348},
    publisher = {Oxford University Press},
    doi = {10.1111/j.1365-2966.2004.07591.x},
    issn = {00358711},
    keywords = {Galaxies: abundances, H II regions, ISM: abundances}
}

@article{Bian2018DirectGalaxies,
    title = {{“Direct” Gas-phase Metallicity in Local Analogs of High-redshift Galaxies: Empirical Metallicity Calibrations for High-redshift Star-forming Galaxies}},
    year = {2018},
    journal = {ApJ},
    author = {Bian, Fuyan and Kewley, Lisa J. and Dopita, Michael A.},
    number = {2},
    month = {6},
    pages = {175},
    volume = {859},
    publisher = {American Astronomical Society},
    doi = {10.3847/1538-4357/aabd74},
    issn = {1538-4357},
    arxivId = {1805.08224}
}