%% This BibTeX bibliography file was created using BibDesk.
%% https://bibdesk.sourceforge.io/

%% Created for Robson Christie at 2020-03-05 19:06:52 +0000 


%% Saved with string encoding Unicode (UTF-8) 

@book{gardiner2004quantum,
  title={Quantum noise: a handbook of Markovian and non-Markovian quantum stochastic methods with applications to quantum optics},
  author={Gardiner, Crispin and Zoller, Peter},
  year={2004},
  publisher={Springer Science \& Business Media}
}


@book{schlosshauer2007decoherence,
  title={Decoherence: and the quantum-to-classical transition},
  author={Schlosshauer, Maximilian A},
  year={2007},
  publisher={Springer Science \& Business Media}
}


@article{lindblad1976generators,
	Author = {Lindblad, Goran},
	Date-Added = {2020-03-05 18:47:58 +0000},
	Date-Modified = {2020-03-05 18:47:58 +0000},
	Journal = {Communications in Mathematical Physics},
	Number = {2},
	Pages = {119--130},
	Publisher = {Springer},
	Title = {On the generators of quantum dynamical semigroups},
	Volume = {48},
	Year = {1976}}
	
@book{AaltoSDE,
  title={Applied stochastic differential equations},
  author={S{\"a}rkk{\"a}, Simo and Solin, Arno},
  volume={10},
  year={2019},
  publisher={Cambridge University Press}
}

@book{bernt,
  title={Stochastic differential equations: an introduction with applications},
  author={Oksendal, Bernt},
  year={2013},
  publisher={Springer Science \& Business Media}
}

@article{hellersemi,
	Author = {Heller, Eric J},
	Date-Added = {2020-01-31 22:38:59 +0000},
	Date-Modified = {2020-01-31 22:39:08 +0000},
	Journal = {The Journal of Chemical Physics},
	Number = {4},
	Pages = {1544--1555},
	Publisher = {American Institute of Physics},
	Title = {Time-dependent approach to semiclassical dynamics},
	Volume = {62},
	Year = {1975}}

@article{wigweyl,
	Author = {Royer, Antoine},
	Date-Added = {2020-01-31 21:06:55 +0000},
	Date-Modified = {2020-01-31 21:07:09 +0000},
	Journal = {Physical Review A},
	Number = {1},
	Pages = {44},
	Publisher = {APS},
	Title = {Wigner function in Liouville space: a canonical formalism},
	Volume = {43},
	Year = {1991}}

@article{RK4,
	Author = {Carpenter, Mark H and Kennedy, Christopher A},
	Date-Added = {2020-01-31 18:17:24 +0000},
	Date-Modified = {2020-01-31 18:17:33 +0000},
	Title = {Fourth-order 2N-storage Runge-Kutta schemes},
	Year = {1994}}

@article{jess,
	Author = {Eastman, Jessica K and Hope, Joseph J and Carvalho, Andr{\'e} RR},
	Date-Added = {2020-01-31 16:42:34 +0000},
	Date-Modified = {2020-01-31 16:42:46 +0000},
	Journal = {Scientific reports},
	Pages = {44684},
	Publisher = {Nature Publishing Group},
	Title = {Tuning quantum measurements to control chaos},
	Volume = {7},
	Year = {2017}}

@article{Fidelity,
	Author = {Jozsa, Richard},
	Date-Added = {2020-01-31 12:26:17 +0000},
	Date-Modified = {2020-01-31 12:26:30 +0000},
	Journal = {Journal of modern optics},
	Number = {12},
	Pages = {2315--2323},
	Publisher = {Taylor \& Francis},
	Title = {Fidelity for mixed quantum states},
	Volume = {41},
	Year = {1994}}

@article{hydrogenembrittlement,
	Author = {Beachem, CD},
	Date-Added = {2020-01-28 21:40:43 +0000},
	Date-Modified = {2020-01-28 21:41:18 +0000},
	Journal = {Metallurgical and Materials Transactions B},
	Number = {2},
	Pages = {441--455},
	Publisher = {Springer},
	Title = {A new model for hydrogen-assisted cracking (hydrogen ``embrittlement'')},
	Volume = {3},
	Year = {1972}}

@book{zwansig,
	Author = {Zwanzig, Robert},
	Date-Added = {2020-01-28 19:00:36 +0000},
	Date-Modified = {2020-01-28 19:01:12 +0000},
	Publisher = {Oxford University Press},
	Title = {Nonequilibrium statistical mechanics},
	Year = {2001}}

@book{ref:percival,
	Author = {Percival, Ian},
	Date-Added = {2020-01-28 19:00:36 +0000},
	Date-Modified = {2020-01-28 19:00:36 +0000},
	Publisher = {Cambridge University Press},
	Title = {Quantum state diffusion},
	Year = {1998}}

@article{ref:onsager,
	Author = {Constantin, Peter and Weinan, E and Titi, Edriss S},
	Date-Added = {2020-01-28 19:00:36 +0000},
	Date-Modified = {2020-01-28 19:00:36 +0000},
	Journal = {Communications in Mathematical Physics},
	Number = {1},
	Pages = {207--209},
	Publisher = {Springer},
	Title = {Onsager's conjecture on the energy conservation for solutions of Euler's equation},
	Volume = {165},
	Year = {1994}}

@phdthesis{ref:chiara,
	Author = {Liverani, Chiara},
	Date-Added = {2020-01-28 19:00:36 +0000},
	Date-Modified = {2020-01-28 19:00:36 +0000},
	Publisher = {Imperial College London},
	School = {Imperial College London},
	Title = {A novel approach to quantum transition rate theory using open quantum dynamics},
	Year = {2017}}

@book{ref:chandlerbook,
	Author = {Chandler, David},
	Date-Added = {2020-01-28 19:00:36 +0000},
	Date-Modified = {2020-01-28 19:00:36 +0000},
	Publisher = {Oxford University Press},
	Pages = {288},
	Title = {Introduction to modern statistical mechanics},
	Year = {1987}}

@article{ref:chandler86,
	Author = {Chandler, David},
	Date-Added = {2020-01-28 19:00:36 +0000},
	Date-Modified = {2020-01-28 19:00:36 +0000},
	Journal = {Journal of Statistical Physics},
	Number = {1-2},
	Pages = {49--67},
	Publisher = {Springer},
	Title = {Roles of classical dynamics and quantum dynamics on activated processes occurring in liquids},
	Volume = {42},
	Year = {1986}}

@article{ref:chandler79,
	Author = {Montgomery Jr, John A and Chandler, David and Berne, Bruce J},
	Date-Added = {2020-01-28 19:00:36 +0000},
	Date-Modified = {2020-01-28 19:00:36 +0000},
	Journal = {The Journal of Chemical Physics},
	Number = {9},
	Pages = {4056--4066},
	Publisher = {AIP},
	Title = {Trajectory analysis of a kinetic theory for isomerization dynamics in condensed phases},
	Volume = {70},
	Year = {1979}}

@article{ref:chandler78,
	Author = {Chandler, David},
	Date-Added = {2020-01-28 19:00:36 +0000},
	Date-Modified = {2020-01-28 19:00:36 +0000},
	Journal = {The Journal of Chemical Physics},
	Number = {6},
	Pages = {2959--2970},
	Publisher = {AIP},
	Title = {Statistical mechanics of isomerization dynamics in liquids and the transition state approximation},
	Volume = {68},
	Year = {1978}}

@book{percival,
	Author = {Percival, Ian},
	Date-Added = {2020-01-18 18:08:16 +0000},
	Date-Modified = {2020-01-18 18:08:25 +0000},
	Publisher = {Cambridge University Press},
	Title = {Quantum state diffusion},
	Year = {1998}}

@book{petruccione,
	Author = {Breuer, Heinz-Peter and Petruccione, Francesco and others},
	Date-Added = {2020-01-16 19:09:33 +0000},
	Date-Modified = {2020-01-16 19:09:53 +0000},
	Publisher = {Oxford University Press on Demand},
	Title = {The theory of open quantum systems},
	Year = {2002}}

@article{wilkie,
	Author = {Wilkie, Joshua and Cetinbas, Murat},
	Date-Added = {2019-12-17 14:46:18 +0000},
	Date-Modified = {2020-01-04 13:48:00 +0000},
	Journal = {Physics Letters A},
	Number = {3},
	Pages = {166--182},
	Publisher = {Elsevier},
	Title = {Variable-stepsize Runge--Kutta methods for stochastic Schr{\"o}dinger equations},
	Volume = {337},
	Year = {2005}}

@article{rossler,
	Author = {R{\"o}{\ss}ler, Andreas},
	Date-Added = {2019-12-17 14:32:18 +0000},
	Date-Modified = {2019-12-17 14:32:25 +0000},
	Journal = {SIAM Journal on Numerical Analysis},
	Number = {3},
	Pages = {922--952},
	Publisher = {SIAM},
	Title = {Runge--Kutta methods for the strong approximation of solutions of stochastic differential equations},
	Volume = {48},
	Year = {2010}}

@article{explind,
	Author = {Am-Shallem, Morag and Levy, Amikam and Schaefer, Ido and Kosloff, Ronnie},
	Date-Added = {2019-12-15 18:01:25 +0000},
	Date-Modified = {2019-12-15 18:01:32 +0000},
	Journal = {arXiv preprint arXiv:1510.08634},
	Title = {Three approaches for representing {L}indblad dynamics by a matrix-vector notation},
	Year = {2015}}

@article{rungehist,
	Author = {Butcher, John Charles},
	Date-Added = {2019-12-15 17:37:11 +0000},
	Date-Modified = {2019-12-15 17:37:22 +0000},
	Journal = {Applied numerical mathematics},
	Number = {3},
	Pages = {247--260},
	Publisher = {Elsevier},
	Title = {A history of Runge-Kutta methods},
	Volume = {20},
	Year = {1996}}

@article{graefebradley,
	Author = {Graefe, EM and Longstaff, B and Plastow, T and Schubert, R},
	Date-Added = {2019-12-06 14:20:56 +0000},
	Date-Modified = {2019-12-09 15:26:08 +0000},
	Journal = {Journal of Physics A: Mathematical and Theoretical},
	Number = {36},
	Pages = {365203},
	Publisher = {IOP Publishing},
	Title = {Lindblad dynamics of {G}aussian states and their superpositions in the semiclassical limit},
	Volume = {51},
	Year = {2018}}
	
	
@article{graefe2011wave,
  title={Wave-packet evolution in non-{H}ermitian quantum systems},
  author={Graefe, Eva-Maria and Schubert, Roman},
  journal={Physical Review A},
  volume={83},
  number={6},
  pages={060101},
  year={2011},
  publisher={APS}
}


@article{gorini1976,
  title={Completely positive dynamical semigroups of N-level systems},
  author={Gorini, Vittorio and Kossakowski, Andrzej and Sudarshan, Ennackal Chandy George},
  journal={Journal of Mathematical Physics},
  volume={17},
  number={5},
  pages={821--825},
  year={1976},
  publisher={American Institute of Physics}
}

@book{moiseyev2011non,
  title={Non-Hermitian quantum mechanics},
  author={Moiseyev, Nimrod},
  year={2011},
  publisher={Cambridge University Press}
}



@article{halliwell1995quantum,
  title={Quantum state diffusion, density matrix diagonalization, and decoherent histories: A model},
  author={Halliwell, Jonathan and Zoupas, Andreas},
  journal={Physical Review D},
  volume={52},
  number={12},
  pages={7294},
  year={1995},
  publisher={APS}
}

@article{stojkoski2020generalised,
  title={Generalised geometric {B}rownian motion: {T}heory and applications to option pricing},
  author={Stojkoski, Viktor and Sandev, Trifce and Basnarkov, Lasko and Kocarev, Ljupco and Metzler, Ralf},
  journal={Entropy},
  volume={22},
  number={12},
  pages={1432},
  year={2020},
  publisher={Multidisciplinary Digital Publishing Institute}
}

@article{AntiZeno1,
  title = {Quantum anti-Zeno effect},
  author = {Lewenstein, M. and Rza\ifmmode \mbox{\c{}}\else \c{}\fi{}\ifmmode \dot{z}\else \.{z}\fi{}ewski, K.},
  journal = {Phys. Rev. A},
  volume = {61},
  issue = {2},
  pages = {022105},
  numpages = {5},
  year = {2000},
  month = {Jan},
  publisher = {American Physical Society},
  doi = {10.1103/PhysRevA.61.022105},
  url = {https://link.aps.org/doi/10.1103/PhysRevA.61.022105}
}

@article{AntiZeno2,
  title = {Environment-induced dephasing versus von {N}eumann measurements in proton tunneling},
  author = {Godbeer, A. D. and Al-Khalili, J. S. and Stevenson, P. D.},
  journal = {Phys. Rev. A},
  volume = {90},
  issue = {1},
  pages = {012102},
  numpages = {8},
  year = {2014},
  month = {Jul},
  publisher = {American Physical Society},
  doi = {10.1103/PhysRevA.90.012102},
  url = {https://link.aps.org/doi/10.1103/PhysRevA.90.012102}
}


@article{wiseman1996quantum,
  title={Quantum trajectories and quantum measurement theory},
  author={Wiseman, HM},
  journal={Quantum and Semiclassical Optics: Journal of the European Optical Society Part B},
  volume={8},
  number={1},
  pages={205},
  year={1996},
  publisher={IOP Publishing}
}

@article{caldas2014fokker,
  title={The {F}okker-{P}lanck equation for a bistable potential},
  author={Caldas, Denise and Chahine, Jorge and Drigo Filho, Elso},
  journal={Physica A: Statistical Mechanics and its Applications},
  volume={412},
  pages={92--100},
  year={2014},
  publisher={Elsevier}
}

@article{Wignegnegativity,
  title={Negativity of the {W}igner function as an indicator of non-classicality},
  author={Kenfack, Anatole and {\.Z}yczkowski, Karol},
  journal={Journal of Optics B: Quantum and Semiclassical Optics},
  volume={6},
  number={10},
  pages={396},
  year={2004},
  publisher={IOP Publishing}
}

@article{hudson1974wigner,
  title={When is the {W}igner quasi-probability density non-negative?},
  author={Hudson, Robin L},
  journal={Reports on Mathematical Physics},
  volume={6},
  number={2},
  pages={249--252},
  year={1974},
  publisher={Elsevier}
}

@article{dellago1998transition,
  title={Transition path sampling and the calculation of rate constants},
  author={Dellago, Christoph and Bolhuis, Peter G and Csajka, F{\'e}lix S and Chandler, David},
  journal={The Journal of chemical physics},
  volume={108},
  number={5},
  pages={1964--1977},
  year={1998},
  publisher={American Institute of Physics}
}

@article{graefenatphoton,
  title={{PT} symmetry dips into two-photon interference},
  author={Graefe, Eva-Maria},
  journal={Nature Photonics},
  volume={13},
  number={12},
  pages={822--823},
  year={2019},
  publisher={Nature Publishing Group}
}

@article{plenio1998quantum,
  title={The quantum-jump approach to dissipative dynamics in quantum optics},
  author={Plenio, Martin B and Knight, Peter L},
  journal={Reviews of Modern Physics},
  volume={70},
  number={1},
  pages={101},
  year={1998},
  publisher={APS}
}

@article{miller1974quantum,
  title={Quantum mechanical transition state theory and a new semiclassical model for reaction rate constants},
  author={Miller, William H},
  journal={The Journal of Chemical Physics},
  volume={61},
  number={5},
  pages={1823--1834},
  year={1974},
  publisher={American Institute of Physics}
}
@book{wisemanBook,
  title={Quantum measurement and control},
  author={Wiseman, Howard M and Milburn, Gerard J},
  year={2009},
  publisher={Cambridge university press}
}
@article{gisin1992quantum,
  title={The quantum-state diffusion model applied to open systems},
  author={Gisin, Nicolas and Percival, Ian C},
  journal={Journal of Physics A: Mathematical and General},
  volume={25},
  number={21},
  pages={5677},
  year={1992},
  publisher={IOP Publishing}
}
@incollection{belavkin1989nondemolition,
  title={Nondemolition measurements, nonlinear filtering and dynamic programming of quantum stochastic processes},
  author={Belavkin, Viacheslav P},
  booktitle={Modeling and Control of Systems},
  pages={245--265},
  year={1989},
  publisher={Springer}
}

@article{lasser2018non,
  title={Non-Hermitian propagation of Hagedorn wavepackets},
  author={Lasser, Caroline and Schubert, Roman and Troppmann, Stephanie},
  journal={Journal of Mathematical Physics},
  volume={59},
  number={8},
  pages={082102},
  year={2018},
  publisher={AIP Publishing LLC}
}

@inproceedings{penrose1955generalized,
  title={A generalized inverse for matrices},
  author={Penrose, Roger},
  booktitle={Mathematical proceedings of the Cambridge philosophical society},
  volume={51},
  number={3},
  pages={406--413},
  year={1955},
  organization={Cambridge University Press}
}
@article{ghirardi1986unified,
  title={Unified dynamics for microscopic and macroscopic systems},
  author={Ghirardi, Gian Carlo and Rimini, Alberto and Weber, Tullio},
  journal={Physical review D},
  volume={34},
  number={2},
  pages={470},
  year={1986},
  publisher={APS}
}
@article{bassi2013models,
  title={Models of wave-function collapse, underlying theories, and experimental tests},
  author={Bassi, Angelo and Lochan, Kinjalk and Satin, Seema and Singh, Tejinder P and Ulbricht, Hendrik},
  journal={Reviews of Modern Physics},
  volume={85},
  number={2},
  pages={471},
  year={2013},
  publisher={APS}
}
@book{carmichael2009open,
  title={An open systems approach to quantum optics: lectures presented at the Universit{\'e} Libre de Bruxelles, October 28 to November 4, 1991},
  author={Carmichael, Howard},
  volume={18},
  year={2009},
  publisher={Springer Science \& Business Media}
}
@article{adesso2014continuous,
  title={Continuous variable quantum information: Gaussian states and beyond},
  author={Adesso, Gerardo and Ragy, Sammy and Lee, Antony R},
  journal={Open Systems \& Information Dynamics},
  volume={21},
  number={01n02},
  pages={1440001},
  year={2014},
  publisher={World Scientific}
}

@article{bartolo2017,
  title={Homodyne versus photon-counting quantum trajectories for dissipative Kerr resonators with two-photon driving},
  author={Bartolo, Nicola and Minganti, Fabrizio and Lolli, Jared and Ciuti, Cristiano},
  journal={The European Physical Journal Special Topics},
  volume={226},
  number={12},
  pages={2705--2713},
  year={2017},
  publisher={Springer}
}
@article{brody2002efficient,
  title={Efficient simulation of quantum state reduction},
  author={Brody, Dorje C and Hughston, Lane P},
  journal={Journal of Mathematical Physics},
  volume={43},
  number={11},
  pages={5254--5261},
  year={2002},
  publisher={American Institute of Physics}
}
@article{klauck2019observation,
  title={Observation of PT-symmetric quantum interference},
  author={Klauck, F and Teuber, Lucas and Ornigotti, Marco and Heinrich, Matthias and Scheel, Stefan and Szameit, Alexander},
  journal={Nature Photonics},
  volume={13},
  number={12},
  pages={883--887},
  year={2019},
  publisher={Nature Publishing Group}
}
@article{strunz1998classical,
  title={Classical mechanics from quantum state diffusion-a phase-space approach},
  author={Strunz, Walter T and Percival, Ian C},
  journal={Journal of Physics A: Mathematical and General},
  volume={31},
  number={7},
  pages={1801},
  year={1998},
  publisher={IOP Publishing}
}
@article{daley2014quantum,
  title={Quantum trajectories and open many-body quantum systems},
  author={Daley, Andrew J},
  journal={Advances in Physics},
  volume={63},
  number={2},
  pages={77--149},
  year={2014},
  publisher={Taylor \& Francis}
}
@article{littlejohn1986semiclassical,
  title={The semiclassical evolution of wave packets},
  author={Littlejohn, Robert G},
  journal={Physics reports},
  volume={138},
  number={4-5},
  pages={193--291},
  year={1986},
  publisher={Elsevier}
}
@article{graefe2015classical,
  title={Classical and quantum dynamics in the (non-Hermitian) Swanson oscillator},
  author={Graefe, Eva-Maria and Korsch, Hans J{\"u}rgen and Rush, Alexander and Schubert, Roman},
  journal={Journal of Physics A: Mathematical and Theoretical},
  volume={48},
  number={5},
  pages={055301},
  year={2015},
  publisher={IOP Publishing}
}
@article{de2002propagation,
  title={On the propagation of semiclassical Wigner functions},
  author={de M Rios, PP and de Almeida, AM Ozorio},
  journal={Journal of Physics A: Mathematical and General},
  volume={35},
  number={11},
  pages={2609},
  year={2002},
  publisher={IOP Publishing}
}

@article{Brodier2004,
  title={Symplectic evolution of Wigner functions in Markovian open systems},
  author={Brodier, O and Ozorio de Almeida, AM},
  journal={Phys. Rev. E},
  volume={69},
  pages={016204},
  year={2004},
  publisher={APS}
}

@article{strunz1997path,
  title={Path integral, semiclassical and stochastic propagators for Markovian open quantum systems},
  author={Strunz, Walter T},
  journal={Journal of Physics A: Mathematical and General},
  volume={30},
  number={11},
  pages={4053},
  year={1997},
  publisher={IOP Publishing}
}
@article{strunz1999quantum,
  title={Quantum trajectories for Brownian motion},
  author={Strunz, Walter T and Di{\'o}si, Lajos and Gisin, Nicolas and Yu, Ting},
  journal={Physical Review Letters},
  volume={83},
  number={24},
  pages={4909},
  year={1999},
  publisher={APS}
}
@article{graefe2012complexified,
  title={Complexified coherent states and quantum evolution with non-Hermitian Hamiltonians},
  author={Graefe, Eva-Maria and Schubert, Roman},
  journal={Journal of Physics A: Mathematical and Theoretical},
  volume={45},
  number={24},
  pages={244033},
  year={2012},
  publisher={IOP Publishing}
}
@article{hagedorn1998raising,
  title={Raising and lowering operators for semiclassical wave packets},
  author={Hagedorn, George A},
  journal={Annals of Physics},
  volume={269},
  number={1},
  pages={77--104},
  year={1998},
  publisher={Elsevier}
}
@phdthesis{plastow2020semiclassical,
  title={Semiclassical methods for investigating open quantum systems and decoherence},
  author={Plastow, Tom},
  year={2020},
  school={University of Bristol}
}
@article{eastman2017tuning,
  title={Tuning quantum measurements to control chaos},
  author={Eastman, Jessica K and Hope, Joseph J and Carvalho, Andr{\'e} RR},
  journal={Scientific reports},
  volume={7},
  number={1},
  pages={1--10},
  year={2017},
  publisher={Nature Publishing Group}
}
@article{brody2013biorthogonal,
  title={Biorthogonal quantum mechanics},
  author={Brody, Dorje C},
  journal={Journal of Physics A: Mathematical and Theoretical},
  volume={47},
  number={3},
  pages={035305},
  year={2013},
  publisher={IOP Publishing}
}
@article{verstraelen2018gaussian,
  title={Gaussian quantum trajectories for the variational simulation of open quantum-optical systems},
  author={Verstraelen, Wouter and Wouters, Michiel},
  journal={Applied Sciences},
  volume={8},
  number={9},
  pages={1427},
  year={2018},
  publisher={MDPI}
}
@article {lasser20,
    AUTHOR = {Lasser, Caroline and Lubich, Christian},
     TITLE = {Computing quantum dynamics in the semiclassical regime},
   JOURNAL = {Acta Numer.},
  FJOURNAL = {Acta Numerica},
    VOLUME = {29},
      YEAR = {2020},
     PAGES = {229--401},
}
@book {lubich08,
    AUTHOR = {Lubich, Christian},
     TITLE = {From quantum to classical molecular dynamics: reduced models
              and numerical analysis},
    SERIES = {Zurich Lectures in Advanced Mathematics},
 PUBLISHER = {European Mathematical Society (EMS), Z\"{u}rich},
      YEAR = {2008},
     PAGES = {x+144},
}
