@article{PBM_QGP,
   author = {Braun-Munzinger, Peter and Stachel, Johanna},
   title = {The quest for the quark-gluon plasma},
   journal = {Nature},
   volume = {448},
   number = {7151},
   pages = {302-309},
   ISSN = {0028-0836},
   url = {http://dx.doi.org/10.1038/nature06080},
   year = {2007},
   type = {Journal Article}
}

@article{SHURYAK198071,
title = "Quantum chromodynamics and the theory of superdense matter",
journal = "Phys. Rep.",
volume = "61",
number = "2",
pages = "71 - 158",
year = "1980",
issn = "0370-1573",
doi = "https://doi.org/10.1016/0370-1573(80)90105-2",
url = "http://www.sciencedirect.com/science/article/pii/0370157380901052",
author = "Edward V. Shuryak"
}

@article{BAUR20071,
title = "Electron–positron pair production in ultrarelativistic heavy ion collisions",
journal = "Phys. Rep.",
volume = "453",
number = "1",
pages = "1 - 27",
year = "2007",
issn = "0370-1573",
doi = "https://doi.org/10.1016/j.physrep.2007.09.002",
url = "http://www.sciencedirect.com/science/article/pii/S037015730700347X",
author = "Gerhard Baur and Kai Hencken and Dirk Trautmann",
keywords = "Electron–positron pair production, QED of strong fields, Coulomb corrections, Multiple pair production, Relativistic heavy ion collisions, Ultraperipheral collisions"
}

@ARTICLE{Krauss1997503,
author={Krauss, F. and Greiner, M. and Soff, G.},
title={Photon and gluon induced processes in relativistic heavy-ion collisions},
journal={Prog. Part. Nucl. Phys.},
year={1997},
volume={39},
number={1},
pages={503-564},
url={https://www.scopus.com/inward/record.uri?eid=2-s2.0-0001340459&partnerID=40&md5=54d62e8d0e8b90bcad092455212e1ea8},
document_type={Article},
source={Scopus},
}

@article{PhysRevLett.121.132301,
  title = {Low-${p}_{T}$ ${e}^{+}{e}^{\ensuremath{-}}$ Pair Production in $\mathrm{Au}+\mathrm{Au}$ Collisions at $\sqrt{{s}_{NN}}=200\text{ }\text{ }\mathrm{GeV}$ and $\mathrm{U}+\mathrm{U}$ Collisions at $\sqrt{{s}_{NN}}=193\text{ }\text{ }\mathrm{GeV}$ at STAR},
  author = {Adam, J. and others},
  collaboration = {STAR Collaboration},
  journal = {Phys. Rev. Lett.},
  volume = {121},
  issue = {13},
  pages = {132301},
  numpages = {8},
  year = {2018},
  month = {Sep},
  publisher = {American Physical Society},
  doi = {10.1103/PhysRevLett.121.132301},
  url = {https://link.aps.org/doi/10.1103/PhysRevLett.121.132301}
}

@article{PhysRevLett.121.212301,
  title = {Observation of Centrality-Dependent Acoplanarity for Muon Pairs Produced via Two-Photon Scattering in $\mathrm{Pb}+\mathrm{Pb}$ Collisions at $\sqrt{{s}_{NN}}=5.02\text{ }\text{ }\mathrm{TeV}$ with the ATLAS Detector},
  author = {Aaboud, M. and others},
  collaboration = {ATLAS Collaboration},
  journal = {Phys. Rev. Lett.},
  volume = {121},
  issue = {21},
  pages = {212301},
  numpages = {21},
  year = {2018},
  month = {Nov},
  publisher = {American Physical Society},
  doi = {10.1103/PhysRevLett.121.212301},
  url = {https://link.aps.org/doi/10.1103/PhysRevLett.121.212301}
}


@article{ZHA2018182,
title = "Coherent lepton pair production in hadronic heavy ion collisions",
journal = "Phys. Lett. B",
volume = "781",
pages = "182 - 186",
year = "2018",
issn = "0370-2693",
doi = "https://doi.org/10.1016/j.physletb.2018.04.006",
url = "http://www.sciencedirect.com/science/article/pii/S0370269318302909",
author = "W. Zha and others"
}
@article{PhysRevC.97.054903,
  title = {Two-photon production of dilepton pairs in peripheral heavy ion collisions},
  author = {Klein, Spencer R.},
  journal = {Phys. Rev. C},
  volume = {97},
  issue = {5},
  pages = {054903},
  numpages = {5},
  year = {2018},
  month = {May},
  publisher = {American Physical Society},
  doi = {10.1103/PhysRevC.97.054903},
  url = {https://link.aps.org/doi/10.1103/PhysRevC.97.054903}
}

@article{Klein:2018fmp,
    author = "Klein, Spencer and others",
    title = "{Acoplanarity of a Lepton Pair to Probe the Electromagnetic Property of Quark Matter}",
    doi = "10.1103/PhysRevLett.122.132301",
    journal = "Phys. Rev. Lett.",
    volume = "122",
    number = "13",
    pages = "132301",
    year = "2019"
}

@article{ZHA2020135089,
title = "Initial transverse-momentum broadening of Breit-Wheeler process in relativistic heavy-ion collisions",
journal = "Phys. Lett. B",
volume = "800",
pages = "135089",
year = "2020",
issn = "0370-2693",
doi = "https://doi.org/10.1016/j.physletb.2019.135089",
url = "http://www.sciencedirect.com/science/article/pii/S0370269319308111",
author = "Wangmei Zha and others"
}

@article{Baltz:1996as,
    author = "Baltz, A.J. and others",
    title = "{Heavy ion partial beam lifetimes due to Coulomb induced processes}",
    doi = "10.1103/PhysRevE.54.4233",
    journal = "Phys. Rev. E",
    volume = "54",
    pages = "4233--4239",
    year = "1996"
}

@article{BROZ2020107181,
title = "A generator of forward neutrons for ultra-peripheral collisions: nOOn",
journal = "Comput. Phys. Commun.",
volume = "253",
pages = "107181",
year = "2020",
issn = "0010-4655",
doi = "https://doi.org/10.1016/j.cpc.2020.107181",
url = "http://www.sciencedirect.com/science/article/pii/S0010465520300321",
author = "M. Broz and others"
}

@article{PhysRevC.64.024903,
  title = {Mutual heavy ion dissociation in peripheral collisions at ultrarelativistic energies},
  author = {Pshenichnov, I. A. and others},
  journal = {Phys. Rev. C},
  volume = {64},
  issue = {2},
  pages = {024903},
  numpages = {19},
  year = {2001},
  month = {Jul},
  publisher = {American Physical Society},
  doi = {10.1103/PhysRevC.64.024903},
  url = {https://link.aps.org/doi/10.1103/PhysRevC.64.024903}
}

@article{PhysRevC.60.044901,
  title = {Particle emission following Coulomb excitation in ultrarelativistic heavy-ion collisions},
  author = {Pshenichnov, I. A. and others},
  journal = {Phys. Rev. C},
  volume = {60},
  issue = {4},
  pages = {044901},
  numpages = {11},
  year = {1999},
  month = {Sep},
  publisher = {American Physical Society},
  doi = {10.1103/PhysRevC.60.044901},
  url = {https://link.aps.org/doi/10.1103/PhysRevC.60.044901}
}


@article{VEYSSIERE1970561,
title = "Photoneutron cross sections of 208Pb and 197Au",
journal = "Nucl. Phys. A",
author = "Veyssiere A and others",
volume = "159",
number = "2",
pages = "561 - 576",
year = "1970",
issn = "0375-9474",
doi = "https://doi.org/10.1016/0375-9474(70)90727-X"
}

@article{LEPRETRE1981237,
title = "Measurements of the total photonuclear cross sections from 30 MeV to 140 MeV for Sn, Ce, Ta, Pb and U nuclei",
journal = "Nucl. Phys. A",
volume = "367",
number = "2",
pages = "237 - 268",
year = "1981",
issn = "0375-9474",
doi = "https://doi.org/10.1016/0375-9474(81)90516-9",
url = "http://www.sciencedirect.com/science/article/pii/0375947481905169",
author = "A. Leprêtre and others",
keywords = "Photonuclear Reactions"
}

@article{CARLOS1984573,
title = "Total photonuclear absorption cross section for Pb and for heavy nuclei in the Δ-resonance region",
journal = "Nucl. Phys. A",
volume = "431",
number = "4",
pages = "573 - 592",
year = "1984",
issn = "0375-9474",
doi = "https://doi.org/10.1016/0375-9474(84)90269-0",
url = "http://www.sciencedirect.com/science/article/pii/0375947484902690",
author = "P. Carlos and others"
}

@article{PhysRevD.5.1640,
  title = {Total Hadronic Cross Section of $\ensuremath{\gamma}$ Rays in Hydrogen in the Energy Range 0.265-4.215 GeV},
  author = {Armstrong, T. A. and others},
  journal = {Phys. Rev. D},
  volume = {5},
  issue = {7},
  pages = {1640--1652},
  numpages = {0},
  year = {1972},
  month = {Apr},
  publisher = {American Physical Society},
  doi = {10.1103/PhysRevD.5.1640},
  url = {https://link.aps.org/doi/10.1103/PhysRevD.5.1640}
}

@article{PhysRevD.7.1362,
  title = {Total Hadronic Photoabsorption Cross Sections on Hydrogen and Complex Nuclei from 4 to 18 GeV},
  author = {Caldwell, D. O. and others},
  journal = {Phys. Rev. D},
  volume = {7},
  issue = {5},
  pages = {1362--1383},
  numpages = {0},
  year = {1973},
  month = {Mar},
  publisher = {American Physical Society},
  doi = {10.1103/PhysRevD.7.1362},
  url = {https://link.aps.org/doi/10.1103/PhysRevD.7.1362}
}

@article{PhysRevLett.39.737,
  title = {Experimental Study of Nuclear Shadowing in Photoproduction},
  author = {Michalowski, S. and others},
  journal = {Phys. Rev. Lett.},
  volume = {39},
  issue = {12},
  pages = {737--740},
  numpages = {0},
  year = {1977},
  month = {Sep},
  publisher = {American Physical Society},
  doi = {10.1103/PhysRevLett.39.737},
  url = {https://link.aps.org/doi/10.1103/PhysRevLett.39.737}
}

@article{ARMSTRONG1972445,
title = "The total photon deuteron hadronic cross section in the energy range 0.265–4.215 GeV",
journal = "Nucl. Phys. B",
volume = "41",
number = "2",
pages = "445 - 473",
year = "1972",
issn = "0550-3213",
doi = "https://doi.org/10.1016/0550-3213(72)90403-8",
url = "http://www.sciencedirect.com/science/article/pii/0550321372904038",
author = "T.A. Armstrong and others"
}

@article{PhysRevA.51.1874,
  title = {Impact-parameter dependence of the total probability for electromagnetic electron-positron pair production in relativistic heavy-ion collisions},
  author = {Hencken, Kai and others},
  journal = {Phys. Rev. A},
  volume = {51},
  issue = {3},
  pages = {1874--1882},
  numpages = {0},
  year = {1995},
  month = {Mar},
  publisher = {American Physical Society},
  doi = {10.1103/PhysRevA.51.1874},
  url = {https://link.aps.org/doi/10.1103/PhysRevA.51.1874}
}
@article{PhysRevA.55.396,
  title = {Multiple electromagnetic electron-positron pair production in relativistic heavy-ion collisions},
  author = {Alscher, Adrian and others},
  journal = {Phys. Rev. A},
  volume = {55},
  issue = {1},
  pages = {396--401},
  numpages = {0},
  year = {1997},
  month = {Jan},
  publisher = {American Physical Society},
  doi = {10.1103/PhysRevA.55.396},
  url = {https://link.aps.org/doi/10.1103/PhysRevA.55.396}
}
@article{SHTABOVENKO2016432,
title = "New developments in FeynCalc 9.0",
author = "V. Shtabovenko and  others",
journal = "Comput. Phys. Commun.",
volume = "207",
pages = "432 - 444",
year = "2016",
issn = "0010-4655",
doi = "https://doi.org/10.1016/j.cpc.2016.06.008"
}

@article{VEGAS,
author = "G.P. Lepage",
title = "New developments in FeynCalc 9.0",
journal = "J. Comput. Phys. ",
volume = "27",
pages = "192",
year = "1978"
}

@article{PhysRevLett.109.252302,
  title = {Measurement of the Cross Section for Electromagnetic Dissociation with Neutron Emission in Pb-Pb Collisions at $\sqrt{{s}_{\mathrm{NN}}}\mathbf{=}2.76\text{ }\text{ }\mathrm{TeV}$},
  author = {Abelev, B. and others},
  collaboration = {ALICE Collaboration},
  journal = {Phys. Rev. Lett.},
  volume = {109},
  issue = {25},
  pages = {252302},
  numpages = {10},
  year = {2012},
  month = {Dec},
  publisher = {American Physical Society},
  doi = {10.1103/PhysRevLett.109.252302},
  url = {https://link.aps.org/doi/10.1103/PhysRevLett.109.252302}
}

@article{Miller:2007ri,
    author = "Miller, Michael L. and others",
    title = "{Glauber modeling in high energy nuclear collisions}",
    doi = "10.1146/annurev.nucl.57.090506.123020",
    journal = "Ann. Rev. Nucl. Part. Sci.",
    volume = "57",
    pages = "205--243",
    year = "2007"
}

@article{ATLAS_new,
  collaboration = {ATLAS Collaboration},
  journal = {ATLAS-CONF-2019-051},
}

@article{Adam:2019mby,
    author = "Adam, Jaroslav and others",
    collaboration = "STAR Collaboration",
    title = "{Probing Extreme Electromagnetic Fields with the Breit-Wheeler Process}",
    eprint = "1910.12400",
    archivePrefix = "arXiv",
    month = "10",
    year = "2019"
}

@article{KLEIN2017258,
title = "STARlight: A Monte Carlo simulation program for ultra-peripheral collisions of relativistic ions",
journal = "Comput. Phys. Commun.",
volume = "212",
pages = "258 - 268",
year = "2017",
issn = "0010-4655",
doi = "https://doi.org/10.1016/j.cpc.2016.10.016",
author = "Spencer R. Klein and others"
}

