@article{adlam2022two,
  title={Two Roads to Retrocausality},
  author={Adlam, Emily},
  journal={arXiv preprint arXiv:2201.12934},
  year={2022},
  url={https://arxiv.org/abs/2201.12934}
}

@article{sen2022analysis,
  title={Analysis of the superdeterministic Invariant-set theory in a hidden-variable setting},
  author={Sen, Indrajit},
  journal={Proceedings of the Royal Society A},
  volume={478},
  number={2259},
  pages={20210667},
  year={2022},
  publisher={The Royal Society},
  doi={10.1098/rspa.2021.0667}
}

@book{georgii2011gibbs,
  title={Gibbs measures and phase transitions},
  author={Georgii, Hans-Otto},
  year={2011},
  publisher={de Gruyter},
  isbn={9783110250299}
}

@article{Bell1964OnEPR,
  title={On the einstein podolsky rosen paradox},
  author={Bell, John S},
  journal={Physics Physique Fizika},
  volume={1},
  number={3},
  pages={195},
  year={1964},
  publisher={APS},
  doi={10.1103/PhysicsPhysiqueFizika.1.195}
}

@book{Bell2004Speakable,
  title={Speakable and unspeakable in quantum mechanics: Collected papers on quantum philosophy},
  author={Bell, John S},
  year={2004},
  publisher={Cambridge university press},
  edition={2}
}

@book{MeasureTheory,
  title={Introduction to Measure Theory and Functional Analysis},
  author={Cannarsa, Piermarco and D'Aprile, Teresa},
  year={2015},
  publisher={Springer International Publishing},
  doi={10.1007/978-3-319-17019-0}
}

@article{Clauser1969CHSH,
  title={Proposed experiment to test local hidden-variable theories},
  author={Clauser, John F and Horne, Michael A and Shimony, Abner and Holt, Richard A},
  journal={Physical review letters},
  volume={23},
  number={15},
  pages={880},
  year={1969},
  publisher={APS},
  doi={10.1103/PhysRevLett.23.880}
}

@article{Donadi2020SuperdetToy,
  title={A Superdeterministic Toy Model},
  author={Donadi, Sandro and Hossenfelder, Sabine},
  journal={arXiv preprint arXiv:2010.01327},
  year={2020},
  url={https://arxiv.org/abs/2010.01327}
}

@article{Hance2019CFDef,
  title={Counterfactuality, Definiteness, and Bell's Theorem},
  author={Hance, Jonte R},
  journal={arXiv preprint arXiv:1909.06608},
  year={2019},
  url={https://arxiv.org/abs/1909.06608}
}

@article{Hance2021ExpIST,
  title={Experimental Tests of Invariant Set Theory},
  author={Hance, Jonte R and Palmer, Tim N and Rarity, John},
  journal={arXiv preprint arXiv:2102.07795},
  year={2021},
  url={https://arxiv.org/abs/2102.07795}
}

@article{Hance2021Wavefunctions,
  title={Could wavefunctions simultaneously represent knowledge and reality?},
  journal={Quantum Studies: Mathematics and Foundations},
  year={2022},
  month={Apr},
  day={27},
  issn={2196-5617},
  doi={10.1007/s40509-022-00271-3}
}

@article{Hance2021Ensemble,
  title={The wave function as a true ensemble},
  author={Hance, Jonte R. and Hossenfelder, Sabine},
  journal={Proceedings of the Royal Society A},
  volume={478},
  pages={20210705},
  year={2022},
  publisher={Royal Society},
  doi={10.1098/rspa.2021.0705}
}

@article{Jahnel2010Sines,
  title={When is the (co) sine of a rational angle equal to a rational number?},
  author={Jahnel, J{\"o}rg},
  journal={arXiv preprint arXiv:1006.2938},
  year={2010},
  url={https://arxiv.org/abs/1006.2938}
}

@book{keynes1921treatise,
  title={A treatise on probability},
  author={Keynes, John Maynard},
  year={1921},
  publisher={Macmillan and Company, limited},
  isbn={978-0-486-49580-4}
}

@book{Rogers1998Hausdorff,
  title={Hausdorff measures},
  author={Rogers, Claude Ambrose},
  year={1998},
  publisher={Cambridge University Press},
  doi={10.1017/S001309150000969X}
}

@article{Schlosshauer2013Attitudes,
title = {A snapshot of foundational attitudes toward quantum mechanics},
journal = {Studies in History and Philosophy of Science Part B: Studies in History and Philosophy of Modern Physics},
volume = {44},
number = {3},
pages = {222-230},
year = {2013},
issn = {1355-2198},
doi = {10.1016/j.shpsb.2013.04.004},
author = {Maximilian Schlosshauer and Johannes Kofler and Anton Zeilinger}
}

@article{Sujeevan2016Survey,
title={Surveying the attitudes of physicists concerning foundational issues of Surveym mechanics},
  author={Sivasundaram, Sujeevan and Nielsen, Kristian Hvidtfelt},
  journal={arXiv preprint arXiv:1612.00676},
  year={2016},
  url={https://arxiv.org/abs/1612.00676}
}

@article{Wharton2019Reformulations,
  title = {Colloquium: Bell's theorem and locally mediated reformulations of quantum mechanics},
  author = {Wharton, K. B. and Argaman, N.},
  journal = {Rev. Mod. Phys.},
  volume = {92},
  issue = {2},
  pages = {021002},
  numpages = {23},
  year = {2020},
  month = {May},
  publisher = {American Physical Society},
  doi = {10.1103/RevModPhys.92.021002}
}


@article{Wood2015FineTuning,
  title={The lesson of causal discovery algorithms for quantum correlations: Causal explanations of Bell-inequality violations require fine-tuning},
  author={Wood, Christopher J and Spekkens, Robert W},
  journal={New Journal of Physics},
  volume={17},
  number={3},
  pages={033002},
  year={2015},
  publisher={IOP Publishing},
  doi={10.1088/1367-2630/17/3/033002}
}

@article{Woodcock1998padic,
  title={p-adic chaos and random number generation},
  author={Woodcock, Christopher F and Smart, Nigel P},
  journal={Experimental Mathematics},
  volume={7},
  number={4},
  pages={333--342},
  year={1998},
  publisher={Taylor \& Francis},
  doi={10.1080/10586458.1998.10504379}
}

%IST
@article{Hossenfelder2020Rethinking,
  title={Rethinking superdeterminism},
  author={Hossenfelder, Sabine and Palmer, Tim},
  journal={Frontiers in Physics},
  volume={8},
  pages={139},
  year={2020},
  publisher={Frontiers},
  doi={10.3389/fphy.2020.00139}
}

@article{Hossenfelder2020SuperdeterminismGuide,
  title={Superdeterminism: A Guide for the Perplexed},
  author={Hossenfelder, Sabine},
  journal={arXiv preprint arXiv:2010.01324},
  year={2020},
  url={https://arxiv.org/abs/2010.01324}
}

@article{Palmer1995Spin,
  title={A local deterministic model of quantum spin measurement},
  author={Palmer, TN},
  journal={Proceedings of the Royal Society of London. Series A: Mathematical and Physical Sciences},
  volume={451},
  number={1943},
  pages={585--608},
  year={1995},
  publisher={The Royal Society London},
  doi={10.1098/rspa.1995.0145}
}

@article{Palmer2002Realistic,
  title={A realistic deterministic quantum theory using Borelian-normal numbers},
  author={Palmer, TN},
  journal={arXiv preprint quant-ph/0205053},
  year={2002},
  url={https://arxiv.org/abs/quant-ph/0205053}
}

@article{Palmer2004Granular,
  title={A granular permutation-based representation of complex numbers and quaternions: elements of a possible realistic quantum theory},
  author={Palmer, TN},
  journal={Proceedings of the Royal Society of London. Series A: Mathematical, Physical and Engineering Sciences},
  volume={460},
  number={2044},
  pages={1039--1055},
  year={2004},
  publisher={The Royal Society},
  doi={10.1098/rspa.2003.1189}
}

@article{Palmer2009ISP,
  title={The Invariant Set Postulate: a new geometric framework for the foundations of quantum theory and the role played by gravity},
  author={Palmer, TN},
  journal={Proceedings of the Royal Society A: Mathematical, Physical and Engineering Sciences},
  volume={465},
  number={2110},
  pages={3165--3185},
  year={2009},
  publisher={The Royal Society Publishing},
  doi={10.1098/rspa.2009.0080}
}

@article{Palmer2011ISH,
  title={The invariant set hypothesis: a new geometric framework for the foundations of quantum theory and the role played by gravity},
  author={Palmer, Tim N},
  journal={Electronic Notes in Theoretical Computer Science},
  volume={270},
  number={2},
  pages={115--119},
  year={2011},
  publisher={Elsevier},
  doi={10.1016/j.entcs.2011.01.026}
}

@incollection{Palmer2012Butterfly,
  title={THE BUTTERFLY AND THE PHOTON: NEW PERSPECTIVES ON UNPREDICTABILITY, AND THE NOTION OF CASUAL REALITY, IN QUANTUM PHYSICS},
  author={Palmer, TN},
  booktitle={Science: Image In Action},
  pages={129--139},
  year={2012},
  publisher={World Scientific},
  doi={10.1142/9789814383295_0011}
}

@article{Palmer2012Quantum,
  title={Quantum theory and the symbolic dynamics of invariant sets: towards a gravitational theory of the quantum},
  author={Palmer, TN},
  journal={arXiv preprint arXiv:1210.3940},
  year={2012},
  url={https://arxiv.org/abs/1210.3940}
}

@article{Palmer2014Lorenz,
  title={Lorenz, G{\"o}del and Penrose: new perspectives on determinism and causality in fundamental physics},
  author={Palmer, TN},
  journal={Contemporary Physics},
  volume={55},
  number={3},
  pages={157--178},
  year={2014},
  publisher={Taylor \& Francis},
  doi={10.1080/00107514.2014.908624}
}

@article{Palmer2016IST,
  title={Invariant set theory},
  author={Palmer, TN},
  journal={arXiv preprint arXiv:1605.01051},
  year={2016},
  url={https://arxiv.org/abs/1605.01051}
}

@article{Palmer2017Gravitational,
  title={A Gravitational Theory of the Quantum},
  author={Palmer, TN},
  journal={arXiv preprint arXiv:1709.00329},
  year={2017},
  url={https://arxiv.org/abs/1709.00329}
}

@article{Palmer2018Experimental,
  title={Experimental non-violation of the Bell inequality},
  author={Palmer, Tim N},
  journal={Entropy},
  volume={20},
  number={5},
  pages={356},
  year={2018},
  publisher={Multidisciplinary Digital Publishing Institute},
  doi={10.3390/e20050356}
}

@article{Palmer2020Brain,
  title={Human Creativity and Consciousness: Unintended Consequences of the Brain's Extraordinary Energy Efficiency?},
  author={Palmer, T N},
  journal={Entropy},
  volume={22},
  number={3},
  pages={281},
  year={2020},
  publisher={Multidisciplinary Digital Publishing Institute},
  doi={10.3390/e22030281}
}


@article{Palmer2019Bell,
  title={Bell Inequality Violation with Free Choice and Local Causality on the Invariant Set},
  author={Palmer, TN},
  journal={arXiv preprint arXiv:1903.10537},
  year={2019},
  url={https://arxiv.org/abs/1903.10537}
}

@article{Palmer2020Discretization,
  title={Discretization of the Bloch sphere, fractal invariant sets and Bell’s theorem},
  author={Palmer, TN},
  journal={Proceedings of the Royal Society A},
  volume={476},
  number={2236},
  pages={20190350},
  year={2020},
  publisher={The Royal Society Publishing},
  doi={10.1098/rspa.2019.0350}
}

@article{Palmer2020FQXi,
  title={Undecidability, Fractal Geometry and the Unity of Physics},
  author={Palmer, TN},
  journal={FQXi Undecidability, Uncomputability, and Unpredictability Essay Contest (2019-2020)},
  year={2020},
  url={https://fqxi.org/data/essay-contest-files/Palmer_FXQi_Palmer_1.pdf}
}

@article{Sen2020Superdet1,
  title={Superdeterministic hidden-variables models I: non-equilibrium and signalling},
  author={Sen, Indrajit and Valentini, Antony},
  journal={Proceedings of the Royal Society A},
  volume={476},
  number={2243},
  pages={20200212},
  year={2020},
  publisher={The Royal Society Publishing},
  doi={10.1098/rspa.2020.0212}
}

@article{Sen2020Superdet2,
  title={Superdeterministic hidden-variables models II: conspiracy},
  author={Sen, Indrajit and Valentini, Antony},
  journal={Proceedings of the Royal Society A},
  volume={476},
  number={2243},
  pages={20200214},
  year={2020},
  publisher={The Royal Society Publishing},
  doi={10.1098/rspa.2020.0214}
}

@article{Sen2021Analysis,
  title={Analysis of the superdeterministic Invariant-set theory in a hidden-variable setting},
  author={Sen, Indrajit},
  journal={arXiv preprint arXiv:2107.04761},
  year={2021}
}

@article{Spekkens2007Evidence,
  title={Evidence for the epistemic view of quantum states: A toy theory},
  author={Spekkens, Robert W},
  journal={Physical Review A},
  volume={75},
  number={3},
  pages={032110},
  year={2007},
  publisher={APS},
  doi={10.1103/PhysRevA.75.032110}
}

%High-Dim Entanglement/CVs
@article{Braunstein2005QIwithCVs,
  title={Quantum information with continuous variables},
  author={Braunstein, Samuel L and Van Loock, Peter},
  journal={Reviews of modern physics},
  volume={77},
  number={2},
  pages={513},
  year={2005},
  publisher={APS},
  doi={10.1103/RevModPhys.77.513}
}

@article {2020DelicLevNano,
	author = {Deli{\'c}, Uro{\v s} and Reisenbauer, Manuel and Dare, Kahan and Grass, David and Vuleti{\'c}, Vladan and Kiesel, Nikolai and Aspelmeyer, Markus},
	title = {Cooling of a levitated nanoparticle to the motional quantum ground state},
	volume = {367},
	number = {6480},
	pages = {892--895},
	year = {2020},
	doi = {10.1126/science.aba3993},
	publisher = {American Association for the Advancement of Science},
	issn = {0036-8075},
	journal = {Science}
}


@article{Dur2000Three,
  title={Three qubits can be entangled in two inequivalent ways},
  author={D{\"u}r, Wolfgang and Vidal, Guifre and Cirac, J Ignacio},
  journal={Physical Review A},
  volume={62},
  number={6},
  pages={062314},
  year={2000},
  publisher={APS},
  doi={10.1103/PhysRevA.62.062314}
}

@article{Hardy2001Axioms,
  title={Quantum theory from five reasonable axioms},
  author={Hardy, Lucien},
  journal={arXiv preprint quant-ph/0101012},
  year={2001},
  url={https://arxiv.org/abs/quant-ph/0101012}
}

@article{Heilmann2015HighOrderW,
title = "A novel integrated quantum circuit for high-order W-state generation and its highly precise characterization",
journal = "Science Bulletin",
volume = "60",
number = "1",
pages = "96 - 100",
year = "2015",
issn = "2095-9273",
doi = "10.1007/s11434-014-0688-5",
author = "René Heilmann and Markus Gräfe and Stefan Nolte and Alexander Szameit"
}

@article{Grafe2014WState,
  title={On-chip generation of high-order single-photon W-states},
  author={Gr{\"a}fe, Markus and Heilmann, Ren{\'e} and Perez-Leija, Armando and Keil, Robert and Dreisow, Felix and Heinrich, Matthias and Moya-Cessa, Hector and Nolte, Stefan and Christodoulides, Demetrios N and Szameit, Alexander},
  journal={Nature Photonics},
  volume={8},
  number={10},
  pages={791--795},
  year={2014},
  publisher={Nature Publishing Group},
  url={https://www.nature.com/articles/nphoton.2014.204}
}

@article{Kwiat1994LoopholeFreeBell,
  title={Proposal for a loophole-free Bell inequality experiment},
  author={Kwiat, Paul G and Eberhard, Philippe H and Steinberg, Aephraim M and Chiao, Raymond Y},
  journal={Physical Review A},
  volume={49},
  number={5},
  pages={3209},
  year={1994},
  publisher={APS},
  doi={10.1103/PhysRevA.49.3209}
}

@article{Kwiat1995PolznEntgld,
  title={New high-intensity source of polarization-entangled photon pairs},
  author={Kwiat, Paul G and Mattle, Klaus and Weinfurter, Harald and Zeilinger, Anton and Sergienko, Alexander V and Shih, Yanhua},
  journal={Physical Review Letters},
  volume={75},
  number={24},
  pages={4337},
  year={1995},
  publisher={APS},
  doi={10.1103/PhysRevLett.75.4337}
}

@article{Lougovski2009VerifyingWN,
  title={Verifying multipartite mode entanglement of W states},
  author={Lougovski, Pavel and van Enk, Steven J and Choi, Kyung Soo and Papp, Scott B and Deng, Hui and Kimble, HJ},
  journal={New Journal of Physics},
  volume={11},
  number={6},
  pages={063029},
  year={2009},
  publisher={IOP Publishing},
  doi={10.1088/1367-2630/11/6/063029}
}

@article{Rai2009Possibility,
  title={Possibility of coherent phenomena such as Bloch oscillations with single photons via W states},
  author={Rai, Amit and Agarwal, GS},
  journal={Physical Review A},
  volume={79},
  number={5},
  pages={053849},
  year={2009},
  publisher={APS},
  doi={10.1103/PhysRevA.79.053849}
}

@article{Weedbrook2012Gaussian,
  title={Gaussian quantum information},
  author={Weedbrook, Christian and Pirandola, Stefano and Garc{\'\i}a-Patr{\'o}n, Ra{\'u}l and Cerf, Nicolas J and Ralph, Timothy C and Shapiro, Jeffrey H and Lloyd, Seth},
  journal={Reviews of Modern Physics},
  volume={84},
  number={2},
  pages={621},
  year={2012},
  publisher={APS},
  doi={10.1103/RevModPhys.84.621}
}

%Quantum Gravity
@article{Allali2020Decoherence,
  title={Decoherence from General Relativity},
  author={Allali, Itamar J and Hertzberg, Mark P},
  journal={arXiv preprint arXiv:2012.12903},
  year={2020},
  url={https://arxiv.org/abs/2012.12903}
}

@article{Bassi2017GravDecoherRev,
	doi = {10.1088/1361-6382/aa864f},
	year = {2017},
	month = {sep},
	publisher = {{IOP} Publishing},
	volume = {34},
	number = {19},
	pages = {193002},
	author = {Angelo Bassi and Andr{\'{e}} Gro{\ss}ardt and Hendrik Ulbricht},
	title = {Gravitational decoherence},
	journal = {Classical and Quantum Gravity}
}

@article{Bose2017EntWitnessQG,
  title = {Spin Entanglement Witness for Quantum Gravity},
  author = {Bose, Sougato and Mazumdar, Anupam and Morley, Gavin W. and Ulbricht, Hendrik and Toro\ifmmode \check{s}\else \v{s}\fi{}, Marko and Paternostro, Mauro and Geraci, Andrew A. and Barker, Peter F. and Kim, M. S. and Milburn, Gerard},
  journal = {Phys. Rev. Lett.},
  volume = {119},
  issue = {24},
  pages = {240401},
  numpages = {6},
  year = {2017},
  month = {Dec},
  publisher = {American Physical Society},
  doi = {10.1103/PhysRevLett.119.240401}
}

@article{Carney2019TabletopQG,
  title={Tabletop experiments for quantum gravity: a user’s manual},
  author={Carney, Daniel and Stamp, Philip CE and Taylor, Jacob M},
  journal={Classical and Quantum Gravity},
  volume={36},
  number={3},
  pages={034001},
  year={2019},
  publisher={IOP Publishing},
  doi={10.1088/1361-6382/aaf9ca}
}

@article{Catano2020mgPendulum,
  title={High-Q Milligram-Scale Monolithic Pendulum for Quantum-Limited Gravity Measurements},
  author={Cata{\~n}o-Lopez, Seth B and Santiago-Condori, Jordy G and Edamatsu, Keiichi and Matsumoto, Nobuyuki},
  journal={Physical Review Letters},
  volume={124},
  number={22},
  pages={221102},
  year={2020},
  publisher={APS},
  doi={10.1103/PhysRevLett.124.221102}
}

@article{Farrelly2014Discrete,
  title={Discrete spacetime and relativistic quantum particles},
  author={Farrelly, Terence C and Short, Anthony J},
  journal={Physical Review A},
  volume={89},
  number={6},
  pages={062109},
  year={2014},
  publisher={APS},
  doi={10.1103/PhysRevA.89.062109}
}

@article{Kamp2020GravEntCasimir,
  title = {Quantum gravity witness via entanglement of masses: Casimir screening},
  author = {van de Kamp, Thomas W. and Marshman, Ryan J. and Bose, Sougato and Mazumdar, Anupam},
  journal = {Phys. Rev. A},
  volume = {102},
  issue = {6},
  pages = {062807},
  numpages = {12},
  year = {2020},
  month = {Dec},
  publisher = {American Physical Society},
  doi = {10.1103/PhysRevA.102.062807}
}

@article {Margaliteabg2879,
	author = {Margalit, Yair and Dobkowski, Or and Zhou, Zhifan and Amit, Omer and Japha, Yonathan and Moukouri, Samuel and Rohrlich, Daniel and Mazumdar, Anupam and Bose, Sougato and Henkel, Carsten and Folman, Ron},
	title = {Realization of a complete Stern-Gerlach interferometer: Toward a test of quantum gravity},
	volume = {7},
	number = {22},
	elocation-id = {eabg2879},
	year = {2021},
	doi = {10.1126/sciadv.abg2879},
	publisher = {American Association for the Advancement of Science},
	journal = {Science Advances}
}


@article{Marletto2017GravIndEnt,
  title={Gravitationally induced entanglement between two massive particles is sufficient evidence of quantum effects in gravity},
  author={Marletto, Chiara and Vedral, Vlatko},
  journal={Physical review letters},
  volume={119},
  number={24},
  pages={240402},
  year={2017},
  publisher={APS},
  doi={10.1103/PhysRevLett.119.240402}
}

@article{Matsumoto2019DemomgPend,
  title={Demonstration of displacement sensing of a mg-scale pendulum for mm-and mg-scale gravity measurements},
  author={Matsumoto, Nobuyuki and Cata{\~n}o-Lopez, Seth B and Sugawara, Masakazu and Suzuki, Seiya and Abe, Naofumi and Komori, Kentaro and Michimura, Yuta and Aso, Yoichi and Edamatsu, Keiichi},
  journal={Physical review letters},
  volume={122},
  number={7},
  pages={071101},
  year={2019},
  publisher={APS},
  doi={10.1103/PhysRevLett.122.071101}
}

@article{Matsumura2020OptomechGravEnt,
  title={Gravity-induced entanglement in optomechanical systems},
  author={Matsumura, Akira and Yamamoto, Kazuhiro},
  journal={Physical Review D},
  volume={102},
  number={10},
  pages={106021},
  year={2020},
  publisher={APS},
  doi={10.1103/PhysRevD.102.106021}
}

@inbook{Niven1956irrational,
  title={Irrational numbers},
  author={Niven, Ivan},
  number={11},
  year={1956},
  publisher={The Mathematical Association of America},
  series={The Carus Mathematical Monographs},
  pages={41},
  doi={10.5948/9781614440116}
}

@article{Nguyen2020EntGravMeso,
  title={Entanglement dynamics of two mesoscopic objects with gravitational interaction},
  author={Nguyen, H Chau and Bernards, Fabian},
  journal={The European Physical Journal D},
  volume={74},
  pages={1--5},
  year={2020},
  publisher={Springer},
  doi={10.1140/epjd/e2020-10077-8}
}

@article{Penrose1996Gravity,
  title={On gravity's role in quantum state reduction},
  author={Penrose, Roger},
  journal={General relativity and gravitation},
  volume={28},
  number={5},
  pages={581--600},
  year={1996},
  publisher={Springer},
  doi={10.1007/bf02105068}
}

@article{Pikovski2012PlanckQOptics,
  title={Probing Planck-scale physics with quantum optics},
  author={Pikovski, Igor and Vanner, Michael R and Aspelmeyer, Markus and Kim, MS and Brukner, {\v{C}}aslav},
  journal={Nature Physics},
  volume={8},
  number={5},
  pages={393--397},
  year={2012},
  publisher={Nature Publishing Group},
  doi={10.1038/nphys2262}
}

@article{Rarity1990Cone,
  title={Experimental violation of Bell’s inequality based on phase and momentum},
  author={Rarity, JG and Tapster, PR},
  journal={Physical Review Letters},
  volume={64},
  number={21},
  pages={2495},
  year={1990},
  publisher={APS},
  doi={10.1103/PhysRevLett.64.2495}
}

@article{Rijavec2020Decoherence,
  title={Decoherence effects in non-classicality tests of gravity},
  author={Rijavec, Simone and Carlesso, Matteo and Bassi, Angelo and Vedral, Vlatko and Marletto, Chiara},
  journal={arXiv preprint arXiv:2012.06230},
  year={2020},
  url={https://arxiv.org/pdf/2012.06230.pdf}
}

@Article{Rovelli1998LoopQGrav,
author={Rovelli, Carlo},
title={Loop Quantum Gravity},
journal={Living Reviews in Relativity},
year={1998},
month={Jan},
day={26},
volume={1},
number={1},
pages={1},
issn={1433-8351},
doi={10.12942/lrr-1998-1}
}

@article{Schmole2016PoPMeasGrav,
	doi = {10.1088/0264-9381/33/12/125031},
	year = {2016},
	month = {may},
	publisher = {{IOP} Publishing},
	volume = {33},
	number = {12},
	pages = {125031},
	author = {Jonas Schm\"{o}le and Mathias Dragosits and Hans Hepach and Markus Aspelmeyer},
	title = {A micromechanical proof-of-principle experiment for measuring the gravitational force of milligram masses},
	journal = {Classical and Quantum Gravity}
}

@article {Wang2018Chip,
	author = {Wang, Jianwei and Paesani, Stefano and Ding, Yunhong and Santagati, Raffaele and Skrzypczyk, Paul and Salavrakos, Alexia and Tura, Jordi and Augusiak, Remigiusz and Man{\v c}inska, Laura and Bacco, Davide and Bonneau, Damien and Silverstone, Joshua W. and Gong, Qihuang and Ac{\'\i}n, Antonio and Rottwitt, Karsten and Oxenl{\o}we, Leif K. and O{\textquoteright}Brien, Jeremy L. and Laing, Anthony and Thompson, Mark G.},
	title = {Multidimensional quantum entanglement with large-scale integrated optics},
	volume = {360},
	number = {6386},
	pages = {285--291},
	year = {2018},
	doi = {10.1126/science.aar7053},
	publisher = {American Association for the Advancement of Science},
	issn = {0036-8075},
	journal = {Science}
}

	
@article{Westphal2020GCouplmmMasses,
  title={Measurement of Gravitational Coupling between Millimeter-Sized Masses},
  author={Westphal, Tobias and Hepach, Hans and Pfaff, Jeremias and Aspelmeyer, Markus},
  journal={arXiv preprint arXiv:2009.09546},
  year={2020},
  url={https://arxiv.org/pdf/2009.09546.pdf}
}

@article{Harrigan2010OMF,
  title={Einstein, incompleteness, and the epistemic view of quantum states},
  author={Harrigan, Nicholas and Spekkens, Robert W},
  journal={Foundations of Physics},
  volume={40},
  number={2},
  pages={125--157},
  year={2010},
  publisher={Springer},
  doi={10.1007/s10701-009-9347-0}
}

@article{Pusey2012Reality,
  title={On the reality of the quantum state},
  author={Pusey, Matthew F and Barrett, Jonathan and Rudolph, Terry},
  journal={Nature Physics},
  volume={8},
  number={6},
  pages={475--478},
  year={2012},
  publisher={Nature Publishing Group},
  doi={10.1038/NPHYS2309}
}

@article{Dube1993Fractal,
author= {Dube, S.},
title={Undecidable problems in fractal geometry},
journal  = {Complex Systems}, 
volume = 7, pages = {423-444},
year= 1993}

@book{blum1998complexity,
  title={Complexity and real computation},
  author={Blum, Lenore and Cucker, Felipe and Shub, Michael and Smale, Steve},
  year={1998},
  isbn={0387982817},
  publisher={Springer Science \& Business Media}
}