@article{beeson84:_churc,
  title={Church’s thesis, continuity, and set theory},
  volume=49,
  number=2,
  journal={Journal of Symbolic Logic},
  author={Beeson, M. and Ščedrov, A.},
  year=1984,
  pages={630–643}
}

@Misc{warren2018drinker,
      title={The Drinker Paradox and its Dual}, 
      author={Louis Warren and Hannes Diener and Maarten McKubre-Jordens},
      year=2018,
      howpublished={Preprint \href{https://arxiv.org/abs/1805.06216}{arXiv:1805.06216}}
}

@Misc{blechschmidt18,
  author =    {Ingo Blechschmidt},
  title =     {On the uncountability of the set of reals},
  howpublished = {Constructive news mailing list},
  month =     {June},
  note = {Available at \url{https://groups.google.com/g/constructivenews/c/jSvzqu1LUis}},
  year =      2018}

@Book{taylor99:_pract_found_mathem,
  author =    {Paul Taylor},
  title =        {Practical Foundations of Mathematics},
  publisher =    {Cambridge University Press},
  year =         1999,
  number =    59,
  series =    {Cambridge Studies in Advanced Mathematics}}

@Book{bridges87:_variet_const_mathem,
  author =    {Douglas Bridges and Fred Rirchman},
  title =        {Varieties of Constructive Mathematics},
  publisher =    {Cambridge University Press},
  year =         1987,
  number =    97,
  series =    {London Mathematical Society Lecture Note Series}}


@inproceedings{hyland82,
   author =   {J. M. E. Hyland},
   title =    {The effective topos},
   pages =    {165-216},
   editor =   {A.S. Troelstra and D. Van Dalen},
   booktitle ={The {L.E.J. Brouwer} Centenary Symposium},
   publisher ={North Holland Publishing Company},
   year =     1982
}

@InProceedings{skolem23:_einig_bemer_begru_mengen,
  author =       {Thoralf Skolem},
  title =        {{Einige Bemerkungen zu axiomatischen Begründung der Mengenlehre}},
  booktitle = {Matematikerkongressen i Helsingfors den 4-7 juli 1922; den femte Skandinaviska matematikerkongressen redogörelse},
  year =      1923,
  pages =     {217--232},
  publisher = {Akademiska bokhandeln, Helsingfors}}

@Book{jim86:_introd_higher_order_categ_logic,
  author =    {Jim Lambek, Phil Scott},
  title =        {Introduction to Higher Order Categorical Logic},
  publisher =    {Cambridge University Press},
  year =         1986}

@Book{troelstra88:_const_mathem,
  author =    {A. S. Troelstra and D. van Dalen},
  title =        {Constructivism in Mathematics (volume 1)},
  publisher =    {North-Holland},
  year =         1988,
  volume =    121,
  series =    {Studies in Logic and Foundations of Mathematics}}

@InCollection{KreiselLacombeShoenfield59,
  author =       {G. Kreisel and D. Lacombe and J. Shoenfield},
  title =        {Partial recursive functionals and effective operations},
  booktitle =    {Constructivity in mathematics},
  publisher = {North-Holland, Amsterdam},
  year =      1959,
  editor =    {A. Heyting},
  pages =     {290--297}}

@Article{Tseitin67,
  author =       {G. S. Tseitin},
  title =        {Algorithmic operators in constructive metric spaces},
  journal =      {Trudy Matematiki Instituta Steklov},
  year =         1967,
  volume =    64,
  number =    2,
  pages =     {295--361},
  note =      {English translation: American Mathematical Society Translations, series 2, vol. 64, 1967, pp. 1-80}}


@Book{sagan94:_space_fillin_curves,
  author =    {Hans Sagan},
  title =        {Space-Filling Curves},
  publisher =    {Springer},
  year =         1994}

@article{KleeneSC:intint,
  author="Stephen Cole Kleene",
  title="On the Interpretation of Intuitionistic Number Theory",
  year=1945,
  journal={Journal of Symbolic Logic},
  volume=10,
  pages="109--124"
}

@Article{bauer15:_baire,
  author =       {Andrej Bauer},
  title =        {An injection from Baire space to natural numbers},
  journal =      {Mathematical Structures in Computer Science},
  year =         2015,
  volume =    25,
  number =    {Special issue 7},
  pages =     {1484--1489},
  month =     {November}}

@Book{soare87:_recur_enumer_sets_degrees,
  author =    {Robert I. Soare},
  title =        {Recursively Enumerable Sets and Degrees},
  publisher =    {Springer-Verlag},
  year =         1987}

@Book{rogers67:_theor_recur_funct_effec_comput,
  author =    {Hartley Rogers},
  title =        {Theory of Recursive Functions and Effective Computability},
  publisher =    {McGraw-Hill Book Company},
  year =         1967}

@Book{johnstone02:_sketc_eleph,
  author =    {Peter T. Johnstone},
  title =        {Sketches of an Elephant: A Topos Theory Compendium},
  publisher =    {Oxford University Press},
  year =         2002,
  number =    44,
  series =    {Oxford logic guides}}

@Article{hyland80:_tripos,
  author =       {J. M. E. Hyland and Peter T. Johnston and Andrew M. Pitts},
  title =        {Tripos theory},
  journal =      {Mathematical Proceedings of the Cambridge Philosophical Society},
  year =         1980,
  volume =    88,
  number =    2,
  pages =     {205--232},
  month =     {September}}

@InProceedings{feferman75,
  author={Solomon Feferman},
  editor={John Newsome Crossley},
  title={A language and axioms for explicit mathematics},
  booktitle={Algebra and Logic},
  year=1975,
  publisher={Springer Berlin Heidelberg},
  address={Berlin, Heidelberg},
  pages={87--139},
  isbn={978-3-540-37480-0}
}

@Article{Knaster28,
  author =       {Bronisław Knaster},
  title =        {Un théorème sur les fonctions d'ensembles},
  journal =      {Annales Polonici Mathematici},
  year =         1928,
  volume =    6,
  pages =     {133--134}}

@Article{Tarski55,
  author =       {Alfred Tarski},
  title =        {A lattice-theoretical fixpoint theorem and its applications},
  journal =      {Pacific Journal of Mathematics},
  year =         1955,
  volume =    5,
  number =    2,
  pages =     {285--309}}

@misc{levy09:_unusual_proof_reals_uncoun,
  title={An Unusual Proof that the Reals are Uncountable}, 
  author={Eliahu Levy},
  year=2009,
  note={\href{https://arxiv.org/abs/0901.0446}{arXiv:0901.0446}}
}

@misc{blechschmidt19:_knast_tarsk,
  title={A constructive {K}naster-{T}arski proof of the uncountability of the reals}, 
  author={Ingo Blechschmidt and Matthias Hutzler},
  year=2019,
  note={\href{https://arxiv.org/abs/1902.07366}{arXiv:1902.07366}}
}

@Book{bishop67:_found_const_analy,
  author =    {Errett Bishop},
  title =        {Foundations of Constructive Analysis},
  publisher =    {McGraww-Hill},
  year =         1967}

@Article{hodges98:_editor_recal_some_hopel_paper,
  author =       {Wilfrid Hodges},
  title =        {An Editor Recalls Some Hopeless Papers},
  journal =      {The Bulletin of Symbolic Logic},
  year =         1998,
  volume =    4,
  number =    1,
  pages =     {1--16}}

@article{cantor74:_ueber_eigen_inbeg_zahlen,
title = {Ueber eine {E}igenschaft des {I}nbegriffs aller reellen algebraischen {Z}ahlen},
author = {Georg Cantor},
pages = {258--262},
volume = 1874,
number = 77,
journal = {Journal für die Reine und Angewandte Mathematik},
url = {https://doi.org/10.1515/crll.1874.77.258},
doi = {doi:10.1515/crll.1874.77.258},
year = 1874
}

@article{gray94:_georg_cantor_trans_number,
 title = {{G}eorg {C}antor and Transcendental Numbers},
 author = {Robert Gray},
 journal = {The American Mathematical Monthly},
 number = 9,
 pages = {819--832},
 publisher = {Mathematical Association of America},
 urldate = {2022-10-07},
 volume = 101,
 year = 1994,
 url = {http://www.jstor.org/stable/2975129},
}

@Article{cantor79:_ueber_punkt,
  author =       {Georg Cantor},
  title =        {Ueber unendliche, lineare {P}unktmannichfaltigkeiten},
  journal =      {Mathematische Annalen},
  year =         1879,
  volume =    15,
  pages =     {1--7}}

@book{lawvere03:_sets_mathem,
  title={Sets for Mathematics},
  publisher={Cambridge University Press},
  author={Lawvere, F. William and Rosebrugh, Robert},
  year=2003
}

@Book{oosten08:_realiz,
  author =    {Jaap van Oosten},
  title =        {Realizability: An Introduction To Its Categorical Side},
  publisher =    {Elsevier},
  year =         2008,
  volume =    152,
  series =    {Studies in logic and the foundations of mathematics}}

@Article{miller04:_cont_deg,
  author    = {Miller, Joseph S.},
  title     = {Degrees of unsolvability of continuous functions},
  journal   = {Journal of Symbolic Logic},
  year      = {2004},
  volume    = {69},
  number    = {2},
  pages     = {555–584},
  doi       = {10.2178/jsl/1082418543},
  publisher = {Cambridge University Press},
}

@article{Eilenberg1946,
  doi = {10.2307/2371832},
  url = {https://doi.org/10.2307/2371832},
  year = {1946},
  month = apr,
  publisher = {{JSTOR}},
  volume = {68},
  number = {2},
  pages = {214},
  author = {Samuel Eilenberg and Deane Montgomery},
  title = {Fixed Point Theorems for Multi-Valued Transformations},
  journal = {American Journal of Mathematics}
}

@Article{lawvere69,
  author =       {F. W. Lawvere},
  title =        {Diagonal Arguments and Cartesian Closed Categories},
  journal =      {Lecture Notes in Mathematics},
  year =         1969,
  volume =    92,
  pages =     {134--145},
  note = {Republished in: Reprints in Theory and Applications of Categories, No. 15 (2006), 1--13}
}

@InProceedings{bridges02:_compac_contin_const_revis,
  author={Bridges, Douglas and Ishihara, Hajime and Schuster, Peter},
  editor={Bradfield, Julian},
  title={Compactness and Continuity, Constructively Revisited},
  booktitle={Computer Science Logic},
  year=2002,
  publisher={Springer Berlin Heidelberg},
  address={Berlin, Heidelberg},
  pages={89--102}
}

@Article{orevkov63,
  author =       {V. P. Orevkov},
  title =        {A constructive map of the square into itself, which moves every constructive point},
  journal =      {Doklady Akademii Nauk SSSR},
  year =         1963,
  volume =    152,
  number = 2,
  pages =     {55--58}}

@Book{beeson85:_found_const_mathem,
  author =    {Michael J. Beeson},
  title =        {Foundations of Constructive Mathematics},
  publisher =    {Springer-Verlag},
  year =         1985,
  volume =    3,
  number =    6,
  series =    {Ergebnisse der Mathematik und ihrer Grenzgebiete}}

