@ARTICLE{Alcubierre1994,
       author = {{Alcubierre}, Miguel},
        title = "{LETTER TO THE EDITOR: The warp drive: hyper-fast travel within general relativity}",
      journal = {Classical and Quantum Gravity},
     keywords = {General Relativity and Quantum Cosmology},
         year = "1994",
        month = "May",
       volume = {11},
       number = {5},
        pages = {L73-L77},
          doi = {10.1088/0264-9381/11/5/001},
archivePrefix = {arXiv},
       eprint = {gr-qc/0009013},
 primaryClass = {gr-qc},
       adsurl = {https://ui.adsabs.harvard.edu/abs/1994CQGra..11L..73A},
      adsnote = {Provided by the SAO/NASA Astrophysics Data System}
}

@ARTICLE{Alcubierre2017,
       author = {{Alcubierre}, Miguel and {Lobo}, Francisco S.~N.},
        title = "{Warp Drive Basics}",
      journal = {Fundamental Theories of Physics},
     keywords = {Physics},
         year = "2017",
        month = "Jan",
       volume = {189},
        pages = {257},
          doi = {10.1007/978-3-319-55182-1_11},
       adsurl = {https://ui.adsabs.harvard.edu/abs/2017FTP...189..257A},
      adsnote = {Provided by the SAO/NASA Astrophysics Data System}
}

@ARTICLE{Barcelo2005,
       author = {{Barcel{\'o}}, Carlos and {Liberati}, Stefano and {Visser}, Matt},
        title = "{Analogue Gravity}",
      journal = {Living Reviews in Relativity},
     keywords = {analog models, gravity, General Relativity and Quantum Cosmology, High Energy Physics - Theory},
         year = "2005",
        month = "Dec",
       volume = {8},
       number = {1},
          eid = {12},
        pages = {12},
          doi = {10.12942/lrr-2005-12},
archivePrefix = {arXiv},
       eprint = {gr-qc/0505065},
 primaryClass = {gr-qc},
       adsurl = {https://ui.adsabs.harvard.edu/abs/2005LRR.....8...12B},
      adsnote = {Provided by the SAO/NASA Astrophysics Data System}
}

@ARTICLE{Bassett2000,
       author = {{Bassett}, Bruce A. and {Liberati}, Stefano and
         {Molina-Par{\'\i}s}, Carmen and {Visser}, Matt},
        title = "{Geometrodynamics of variable-speed-of-light cosmologies}",
      journal = {\prd},
     keywords = {98.80.Hw, Astrophysics, General Relativity and Quantum Cosmology, High Energy Physics - Phenomenology},
         year = 2000,
        month = nov,
       volume = {62},
       number = {10},
          eid = {103518},
        pages = {103518},
          doi = {10.1103/PhysRevD.62.103518},
archivePrefix = {arXiv},
       eprint = {astro-ph/0001441},
 primaryClass = {astro-ph},
       adsurl = {https://ui.adsabs.harvard.edu/abs/2000PhRvD..62j3518B},
      adsnote = {Provided by the SAO/NASA Astrophysics Data System}
}

@BOOK{Birkhoff1923,
       author = {{Birkhoff}, George David and {Langer}, Rudolph Ernest},
        title = "{Relativity and modern physics}",
         year = 1923,
       adsurl = {https://ui.adsabs.harvard.edu/abs/1923rmp..book.....B},
      adsnote = {Provided by the SAO/NASA Astrophysics Data System}
}


@ARTICLE{Everett1996,
   author = {{Everett}, A.~E.},
    title = "{Warp drive and causality}",
  journal = {\prd},
 keywords = {Spacetime topology causal structure spinor structure, Fundamental problems and general formalism},
     year = 1996,
    month = jun,
   volume = 53,
    pages = {7365-7368},
      doi = {10.1103/PhysRevD.53.7365},
   adsurl = {https://ui.adsabs.harvard.edu/abs/1996PhRvD..53.7365E},
  adsnote = {Provided by the SAO/NASA Astrophysics Data System}
}


@ARTICLE{Everett1997,
   author = {{Everett}, A.~E. and {Roman}, T.~A.},
    title = "{Superluminal subway: The Krasnikov tube}",
  journal = {\prd},
   eprint = {gr-qc/9702049},
 keywords = {Spacetime topology causal structure spinor structure, Quantum field theory in curved spacetime},
     year = 1997,
    month = aug,
   volume = 56,
    pages = {2100-2108},
      doi = {10.1103/PhysRevD.56.2100},
   adsurl = {https://ui.adsabs.harvard.edu/abs/1997PhRvD..56.2100E},
  adsnote = {Provided by the SAO/NASA Astrophysics Data System}
}

@BOOK{Fayngold2002,
       author = {{Fayngold}, Moses.},
        title = "{Special relativity and motions faster than light}",
         year = 2002,
       adsurl = {https://ui.adsabs.harvard.edu/abs/2002srmf.book.....F},
      adsnote = {Provided by the SAO/NASA Astrophysics Data System}
}

@ARTICLE{Fermi2018,
       author = {{Fermi}, Davide and {Pizzocchero}, Livio},
        title = "{A time machine for free fall into the past}",
      journal = {Classical and Quantum Gravity},
     keywords = {General Relativity and Quantum Cosmology, High Energy Physics - Theory, 83C05, 83C20},
         year = "2018",
        month = "Aug",
       volume = {35},
       number = {16},
          eid = {165003},
        pages = {165003},
          doi = {10.1088/1361-6382/aace6e},
archivePrefix = {arXiv},
       eprint = {1803.08214},
 primaryClass = {gr-qc},
       adsurl = {https://ui.adsabs.harvard.edu/abs/2018CQGra..35p5003F},
      adsnote = {Provided by the SAO/NASA Astrophysics Data System}
}

@ARTICLE{Finazzi2009,
       author = {{Finazzi}, Stefano and {Liberati}, Stefano and {Barcel{\'o}}, Carlos},
        title = "{Semiclassical instability of dynamical warp drives}",
      journal = {\prd},
     keywords = {04.62.+v, 04.20.Gz, 04.70.Dy, Quantum field theory in curved spacetime, Spacetime topology causal structure spinor structure, Quantum aspects of black holes evaporation thermodynamics, General Relativity and Quantum Cosmology},
         year = "2009",
        month = "Jun",
       volume = {79},
       number = {12},
          eid = {124017},
        pages = {124017},
          doi = {10.1103/PhysRevD.79.124017},
archivePrefix = {arXiv},
       eprint = {0904.0141},
 primaryClass = {gr-qc},
       adsurl = {https://ui.adsabs.harvard.edu/abs/2009PhRvD..79l4017F},
      adsnote = {Provided by the SAO/NASA Astrophysics Data System}
}

@BOOK{Frank2002,
       author = {{Frank}, Juhan and {King}, Andrew and {Raine}, Derek J.},
        title = "{Accretion Power in Astrophysics: Third Edition}",
         year = 2002,
       adsurl = {https://ui.adsabs.harvard.edu/abs/2002apa..book.....F},
      adsnote = {Provided by the SAO/NASA Astrophysics Data System}
}


@ARTICLE{Ford1997,
   author = {{Ford}, L.~H. and {Roman}, T.~A.},
    title = "{Restrictions on negative energy density in flat spacetime}",
  journal = {\prd},
   eprint = {gr-qc/9607003},
 keywords = {Quantum field theory in curved spacetime},
     year = 1997,
    month = feb,
   volume = 55,
    pages = {2082-2089},
      doi = {10.1103/PhysRevD.55.2082},
   adsurl = {https://ui.adsabs.harvard.edu/abs/1997PhRvD..55.2082F},
  adsnote = {Provided by the SAO/NASA Astrophysics Data System}
}


@ARTICLE{Garattini2007,
       author = {{Garattini}, Remo and {Lobo}, Francisco S.~N.},
        title = "{Self-sustained phantom wormholes in semi-classical gravity}",
      journal = {Classical and Quantum Gravity},
     keywords = {General Relativity and Quantum Cosmology, Astrophysics, High Energy Physics - Theory},
         year = "2007",
        month = "May",
       volume = {24},
       number = {9},
        pages = {2401-2413},
          doi = {10.1088/0264-9381/24/9/016},
archivePrefix = {arXiv},
       eprint = {gr-qc/0701020},
 primaryClass = {gr-qc},
       adsurl = {https://ui.adsabs.harvard.edu/abs/2007CQGra..24.2401G},
      adsnote = {Provided by the SAO/NASA Astrophysics Data System}
}




@ARTICLE{Graham2007,
       author = {{Graham}, Noah and {Olum}, Ken D.},
        title = "{Achronal averaged null energy condition}",
      journal = {\prd},
     keywords = {04.20.Gz, 04.62.+v, Spacetime topology causal structure spinor structure, Quantum field theory in curved spacetime, General Relativity and Quantum Cosmology, High Energy Physics - Theory},
         year = 2007,
        month = sep,
       volume = {76},
       number = {6},
          eid = {064001},
        pages = {064001},
          doi = {10.1103/PhysRevD.76.064001},
archivePrefix = {arXiv},
       eprint = {0705.3193},
 primaryClass = {gr-qc},
       adsurl = {https://ui.adsabs.harvard.edu/abs/2007PhRvD..76f4001G},
      adsnote = {Provided by the SAO/NASA Astrophysics Data System}
}

@ARTICLE{Krasnikov1998,
   author = {{Krasnikov}, S.~V.},
    title = "{Hyperfast travel in general relativity}",
  journal = {\prd},
   eprint = {gr-qc/9511068},
 keywords = {Spacetime topology causal structure spinor structure, Fundamental problems and general formalism},
     year = 1998,
    month = apr,
   volume = 57,
    pages = {4760-4766},
      doi = {10.1103/PhysRevD.57.4760},
   adsurl = {https://ui.adsabs.harvard.edu/abs/1998PhRvD..57.4760K},
  adsnote = {Provided by the SAO/NASA Astrophysics Data System}
}

@ARTICLE{Lentz2020,
       author = {{Lentz}, Erik W.},
        title = "{Breaking the Warp Barrier: Hyper-Fast Solitons in Einstein-Maxwell-Plasma Theory}",
      journal = {arXiv e-prints},
     keywords = {General Relativity and Quantum Cosmology, Astrophysics - High Energy Astrophysical Phenomena, High Energy Physics - Phenomenology},
         year = 2020,
        month = jun,
          eid = {arXiv:2006.07125},
        pages = {arXiv:2006.07125},
archivePrefix = {arXiv},
       eprint = {2006.07125},
 primaryClass = {gr-qc},
       adsurl = {https://ui.adsabs.harvard.edu/abs/2020arXiv200607125L},
      adsnote = {Provided by the SAO/NASA Astrophysics Data System}
}


@ARTICLE{Liberati2002,
       author = {{Liberati}, Stefano and {Sonego}, Sebastiano and {Visser}, Matt},
        title = "{Faster-than-c Signals, Special Relativity, and Causality}",
      journal = {Annals of Physics},
     keywords = {faster than light, causality, special relativity, General Relativity and Quantum Cosmology, High Energy Physics - Theory},
         year = "2002",
        month = "May",
       volume = {298},
       number = {1},
        pages = {167-185},
          doi = {10.1006/aphy.2002.6233},
archivePrefix = {arXiv},
       eprint = {gr-qc/0107091},
 primaryClass = {gr-qc},
       adsurl = {https://ui.adsabs.harvard.edu/abs/2002AnPhy.298..167L},
      adsnote = {Provided by the SAO/NASA Astrophysics Data System}
}

@ARTICLE{Lobo2004,
   author = {{Lobo}, F.~S.~N. and {Visser}, M.},
    title = "{Fundamental limitations on 'warp drive' spacetimes}",
  journal = {Classical and Quantum Gravity},
   eprint = {gr-qc/0406083},
     year = 2004,
    month = dec,
   volume = 21,
    pages = {5871-5892},
      doi = {10.1088/0264-9381/21/24/011},
   adsurl = {https://ui.adsabs.harvard.edu/abs/2004CQGra..21.5871L},
  adsnote = {Provided by the SAO/NASA Astrophysics Data System}
}

@ARTICLE{Lobo2007,
       author = {{Lobo}, Francisco S.~N.},
        title = "{Exotic solutions in General Relativity: Traversable wormholes and 'warp drive' spacetimes}",
      journal = {arXiv e-prints},
     keywords = {General Relativity and Quantum Cosmology},
         year = "2007",
        month = "Oct",
          eid = {arXiv:0710.4474},
        pages = {arXiv:0710.4474},
archivePrefix = {arXiv},
       eprint = {0710.4474},
 primaryClass = {gr-qc},
       adsurl = {https://ui.adsabs.harvard.edu/abs/2007arXiv0710.4474L},
      adsnote = {Provided by the SAO/NASA Astrophysics Data System}
}

@ARTICLE{Loup2001,
       author = {{Loup}, F. and {Waite}, D. and {Halerewicz}, E., Jr},
        title = "{Reduced Total Energy Requirements for a Modified Alcubierre Warp Drive Spacetime}",
      journal = {arXiv e-prints},
     keywords = {General Relativity and Quantum Cosmology},
         year = "2001",
        month = "Jul",
          eid = {gr-qc/0107097},
        pages = {gr-qc/0107097},
archivePrefix = {arXiv},
       eprint = {gr-qc/0107097},
 primaryClass = {gr-qc},
       adsurl = {https://ui.adsabs.harvard.edu/abs/2001gr.qc.....7097L},
      adsnote = {Provided by the SAO/NASA Astrophysics Data System}
}

@ARTICLE{Natario2002,
       author = {{Nat{\'a}rio}, Jos{\'e}},
        title = "{Warp drive with zero expansion}",
      journal = {Classical and Quantum Gravity},
     keywords = {General Relativity and Quantum Cosmology},
         year = "2002",
        month = "Mar",
       volume = {19},
       number = {6},
        pages = {1157-1165},
          doi = {10.1088/0264-9381/19/6/308},
archivePrefix = {arXiv},
       eprint = {gr-qc/0110086},
 primaryClass = {gr-qc},
       adsurl = {https://ui.adsabs.harvard.edu/abs/2002CQGra..19.1157N},
      adsnote = {Provided by the SAO/NASA Astrophysics Data System}
}

@ARTICLE{Natario2006,
   author = {{Nat{\'a}rio}, J.},
    title = "{Newtonian limits of warp drive spacetimes}",
  journal = {General Relativity and Gravitation},
   eprint = {gr-qc/0408085},
 keywords = {Newtonian limit},
     year = 2006,
    month = mar,
   volume = 38,
    pages = {475-484},
      doi = {10.1007/s10714-006-0234-0},
   adsurl = {https://ui.adsabs.harvard.edu/abs/2006GReGr..38..475N},
  adsnote = {Provided by the SAO/NASA Astrophysics Data System}
}


@ARTICLE{Olum1998,
       author = {{Olum}, Ken D.},
        title = "{Superluminal Travel Requires Negative Energies}",
      journal = {\prl},
     keywords = {General Relativity and Quantum Cosmology},
         year = "1998",
        month = "Oct",
       volume = {81},
       number = {17},
        pages = {3567-3570},
          doi = {10.1103/PhysRevLett.81.3567},
archivePrefix = {arXiv},
       eprint = {gr-qc/9805003},
 primaryClass = {gr-qc},
       adsurl = {https://ui.adsabs.harvard.edu/abs/1998PhRvL..81.3567O},
      adsnote = {Provided by the SAO/NASA Astrophysics Data System}
}


@ARTICLE{Pfenning1997CQG,
   author = {{Pfenning}, M.~J. and {Ford}, L.~H.},
    title = "{The unphysical nature of `warp drive'}",
  journal = {Classical and Quantum Gravity},
   eprint = {gr-qc/9702026},
     year = 1997,
    month = jul,
   volume = 14,
    pages = {1743-1751},
      doi = {10.1088/0264-9381/14/7/011},
   adsurl = {https://ui.adsabs.harvard.edu/abs/1997CQGra..14.1743P},
  adsnote = {Provided by the SAO/NASA Astrophysics Data System}
}


@ARTICLE{vandenBroeck1999,
       author = {{Van Den Broeck}, Chris},
        title = "{A `warp drive' with more reasonable total energy requirements}",
      journal = {Classical and Quantum Gravity},
     keywords = {General Relativity and Quantum Cosmology},
         year = "1999",
        month = "Dec",
       volume = {16},
       number = {12},
        pages = {3973-3979},
          doi = {10.1088/0264-9381/16/12/314},
archivePrefix = {arXiv},
       eprint = {gr-qc/9905084},
 primaryClass = {gr-qc},
       adsurl = {https://ui.adsabs.harvard.edu/abs/1999CQGra..16.3973V},
      adsnote = {Provided by the SAO/NASA Astrophysics Data System}
}

@ARTICLE{Varieschi2013,
       author = {{Varieschi}, Gabriele U. and {Burstein}, Zily},
        title = "{Conformal Gravity and the Alcubierre Warp Drive Metric}",
      journal = {ISRN Astronomy and Astrophysics},
     keywords = {General Relativity and Quantum Cosmology, Astrophysics - Cosmology and Nongalactic Astrophysics, Physics - Popular Physics},
         year = "2013",
        month = "Jan",
       volume = {2013},
          eid = {482734},
        pages = {482734},
          doi = {10.1155/2013/482734},
archivePrefix = {arXiv},
       eprint = {1208.3706},
 primaryClass = {gr-qc},
       adsurl = {https://ui.adsabs.harvard.edu/abs/2013ISRAA2013E...8V},
      adsnote = {Provided by the SAO/NASA Astrophysics Data System}
}



@ARTICLE{Visser2000,
       author = {{Visser}, Matt and {Bassett}, B.~A. and {Liberati}, S.},
        title = "{Superluminal censorship}",
      journal = {Nuclear Physics B Proceedings Supplements},
     keywords = {General Relativity and Quantum Cosmology, High Energy Physics - Theory},
         year = "2000",
        month = "Jun",
       volume = {88},
       number = {1},
        pages = {267-270},
          doi = {10.1016/S0920-5632(00)00782-9},
archivePrefix = {arXiv},
       eprint = {gr-qc/9810026},
 primaryClass = {gr-qc},
       adsurl = {https://ui.adsabs.harvard.edu/abs/2000NuPhS..88..267V},
      adsnote = {Provided by the SAO/NASA Astrophysics Data System}
}

@ARTICLE{White2013,
       author = {{White}, H.},
        title = "{Warp Field Mechanics 101}",
      journal = {Journal of the British Interplanetary Society},
     keywords = {Warp, boost, York Time, bulk, brane},
         year = "2013",
        month = "Jan",
       volume = {66},
        pages = {242-247},
       adsurl = {https://ui.adsabs.harvard.edu/abs/2013JBIS...66..242W},
      adsnote = {Provided by the SAO/NASA Astrophysics Data System}
}