@misc{MHD,
	author = "{Devoret, M.H.}",
	year = 2017,
	note = {private communication}
}