%\RequirePackage{filecontents}
%\begin{filecontents}{QFTRegularisation}


@book{moore2018infinite,
  title={The infinite},
  author={Moore, Adrian W},
  year={2018},
  publisher={Routledge}
}

@article{waterhouse1979gauss,
  title={Gauss on infinity},
  author={Waterhouse, William C},
  journal={Historia Mathematica},
  volume={6},
  number={4},
  pages={430--436},
  year={1979},
  publisher={Elsevier}
}
@article{ParticleDataGroup:2022pth,
    author = "Workman, R. L. and others",
    collaboration = "Particle Data Group",
    title = "{Review of Particle Physics}",
    doi = "10.1093/ptep/ptac097",
    journal = "PTEP",
    volume = "2022",
    pages = "083C01",
    year = "2022"
}
@article{Oppenheimer:1930zz,
    author = "Oppenheimer, J. R.",
    title = "{Note on the Theory of the Interaction of Field and Matter}",
    doi = "10.1103/PhysRev.35.461",
    journal = "Phys. Rev.",
    volume = "35",
    pages = "461--477",
    year = "1930"
}
@article{Xing:2022jtt,
    author = "Xing, Zanbin and Chang, Lei",
    title = "{Symmetry preserving contact interaction treatment of the kaon}",
    eprint = "2210.12452",
    archivePrefix = "arXiv",
    primaryClass = "hep-ph",
    doi = "10.1103/PhysRevD.107.014019",
    journal = "Phys. Rev. D",
    volume = "107",
    number = "1",
    pages = "014019",
    year = "2023"
}

@article{SchwingerPT,
    author = "Schwinger, Julian S.",
    editor = "Milton, K. A.",
    title = "{On gauge invariance and vacuum polarization}",
    doi = "10.1103/PhysRev.82.664",
    journal = "Phys. Rev.",
    volume = "82",
    pages = "664--679",
    year = "1951"
}

@book{Burgess:2020tbq,
    author = "Burgess, C. P.",
    title = "{Introduction to Effective Field Theory}",
    doi = "10.1017/9781139048040",
    isbn = "978-1-139-04804-0, 978-0-521-19547-8",
    publisher = "Cambridge University Press",
    month = "12",
    year = "2020"
}

@article{Wilson:1971bg,
    author = "Wilson, Kenneth G.",
    title = "{Renormalization group and critical phenomena. 1. Renormalization group and the Kadanoff scaling picture}",
    doi = "10.1103/PhysRevB.4.3174",
    journal = "Phys. Rev. B",
    volume = "4",
    pages = "3174--3183",
    year = "1971"
}
@article{Wilson:1971dh,
    author = "Wilson, Kenneth G.",
    title = "{Renormalization group and critical phenomena. 2. Phase space cell analysis of critical behavior}",
    doi = "10.1103/PhysRevB.4.3184",
    journal = "Phys. Rev. B",
    volume = "4",
    pages = "3184--3205",
    year = "1971"
}
@article{Wilson:1974mb,
    author = "Wilson, Kenneth G.",
    title = "{The Renormalization Group: Critical Phenomena and the Kondo Problem}",
    reportNumber = "CLNS-296",
    doi = "10.1103/RevModPhys.47.773",
    journal = "Rev. Mod. Phys.",
    volume = "47",
    pages = "773",
    year = "1975"
}


@article{Knuth_1993,
   title={Johann Faulhaber and sums of powers},
   volume={61},
   ISSN={1088-6842},
   url={http://dx.doi.org/10.1090/S0025-5718-1993-1197512-7},
   DOI={10.1090/s0025-5718-1993-1197512-7},
   number={203},
   journal={Mathematics of Computation},
   publisher={American Mathematical Society (AMS)},
   author={Knuth, Donald E.},
   year={1993},
   pages={277-294} }
   
@article{Tomonaga:1946zz,
    author = "Tomonaga, S.",
    title = "{On a relativistically invariant formulation of the quantum theory of wave fields}",
    doi = "10.1143/PTP.1.27",
    journal = "Prog. Theor. Phys.",
    volume = "1",
    pages = "27--42",
    year = "1946"
}
@article{Schwinger:1948iu,
    author = "Schwinger, Julian S.",
    title = "{On Quantum electrodynamics and the magnetic moment of the electron}",
    doi = "10.1103/PhysRev.73.416",
    journal = "Phys. Rev.",
    volume = "73",
    pages = "416--417",
    year = "1948"
}
@article{Feynman:1948fi,
    author = "Feynman, R. P.",
    title = "{Relativistic cutoff for quantum electrodynamics}",
    doi = "10.1103/PhysRev.74.1430",
    journal = "Phys. Rev.",
    volume = "74",
    pages = "1430--1438",
    year = "1948"
}
@article{tHooft:1972tcz,
    author = "'t Hooft, Gerard and Veltman, M. J. G.",
    title = "{Regularization and Renormalization of Gauge Fields}",
    doi = "10.1016/0550-3213(72)90279-9",
    journal = "Nucl. Phys. B",
    volume = "44",
    pages = "189--213",
    year = "1972"
}
@article{dhoker22,
    author = "D'Hoker, Eric and Kaidi, Justin",
    title = "{Lectures on modular forms and strings}",
    eprint = "2208.07242",
    archivePrefix = "arXiv",
    primaryClass = "hep-th",
    month = "8",
    year = "2022"
}
@article{Abel19,
    author = "Abel, Steven and Dondi, Nicola Andrea",
    title = "{UV Completion on the Worldline}",
    eprint = "1905.04258",
    archivePrefix = "arXiv",
    primaryClass = "hep-th",
    reportNumber = "CP3-Origins-2019-19 DNRF90, IPPP/19/36",
    doi = "10.1007/JHEP07(2019)090",
    journal = "JHEP",
    volume = "07",
    pages = "090",
    year = "2019"
}
@article{Abel20,
    author = "Abel, Steven and Lewis, Daniel",
    title = "{Worldline theories with towers of internal states}",
    eprint = "2007.07242",
    archivePrefix = "arXiv",
    primaryClass = "hep-th",
    reportNumber = "IPPP/20/29",
    doi = "10.1007/JHEP12(2020)069",
    journal = "JHEP",
    volume = "12",
    pages = "069",
    year = "2020"
}
@article{Abel21,
    author = "Abel, Steven and Dienes, Keith R.",
    title = "{Calculating the Higgs mass in string theory}",
    eprint = "2106.04622",
    archivePrefix = "arXiv",
    primaryClass = "hep-th",
    reportNumber = "IPPP/20/113",
    doi = "10.1103/PhysRevD.104.126032",
    journal = "Phys. Rev. D",
    volume = "104",
    number = "12",
    pages = "126032",
    year = "2021"
}
@article{GrossMende87,
    author = "Gross, David J. and Mende, Paul F.",
    title = "{The High-Energy Behavior of String Scattering Amplitudes}",
    reportNumber = "PUPT-1062",
    doi = "10.1016/0370-2693(87)90355-8",
    journal = "Phys. Lett. B",
    volume = "197",
    pages = "129--134",
    year = "1987"
}
@article{Appelquist:1974tg,
    author = "Appelquist, Thomas and Carazzone, J.",
    title = "{Infrared Singularities and Massive Fields}",
    reportNumber = "Print-74-1486 (HARVARD)",
    doi = "10.1103/PhysRevD.11.2856",
    journal = "Phys. Rev. D",
    volume = "11",
    pages = "2856",
    year = "1975"
}
@article{deRham:2014wfa,
    author = "de Rham, Claudia and Ribeiro, Raquel H.",
    title = "{Riding on irrelevant operators}",
    eprint = "1405.5213",
    archivePrefix = "arXiv",
    primaryClass = "hep-th",
    doi = "10.1088/1475-7516/2014/11/016",
    journal = "JCAP",
    volume = "11",
    pages = "016",
    year = "2014"
}

@article{Dyson52,
    author = "Dyson, F. J.",
    title = "{Divergence of perturbation theory in quantum electrodynamics}",
    doi = "10.1103/PhysRev.85.631",
    journal = "Phys. Rev.",
    volume = "85",
    pages = "631--632",
    year = "1952"
}
@article{tHooft:2015sdj,
    author = "'t Hooft, Gerard",
    title = "{The Evolution of Quantum Field Theory, From QED to Grand Unification}",
    eprint = "1503.05007",
    archivePrefix = "arXiv",
    primaryClass = "hep-th",
    reportNumber = "TP-UU-15-04, SPIN-15-02",
    doi = "10.1142/9789814733519_0001",
    journal = "Adv. Ser. Direct. High Energy Phys.",
    volume = "26",
    pages = "1--27",
    year = "2016"
}
@book{Wightman89,
    author = "Streater, R. F. and Wightman, A. S.",
    title = "{PCT, spin and statistics, and all that}",
    isbn = "978-0-691-07062-9",
    year = "1989"
}
@book{deFaria10mathsQFT,
  title={Mathematical Aspects of Quantum Field Theory},
  author={de Faria, E. and de Melo, W.},
  isbn={9781139489805},
  series={Cambridge Studies in Advanced Mathematics},
  url={https://books.google.co.uk/books?id=u9M9PFLNpMMC},
  year={2010},
  publisher={Cambridge University Press}
}
@article{Dorigoni19,
    author = "Dorigoni, Daniele",
    title = "{An Introduction to Resurgence, Trans-Series and Alien Calculus}",
    eprint = "1411.3585",
    archivePrefix = "arXiv",
    primaryClass = "hep-th",
    reportNumber = "DAMTP-2014-44",
    doi = "10.1016/j.aop.2019.167914",
    journal = "Annals Phys.",
    volume = "409",
    pages = "167914",
    year = "2019"
}
@article{Dunne15qft,
    author = {Dunne, Gerald V. and \"Unsal, Mithat},
    title = "{What is QFT? Resurgent trans-series, Lefschetz thimbles, and new exact saddles}",
    eprint = "1511.05977",
    archivePrefix = "arXiv",
    primaryClass = "hep-lat",
    doi = "10.22323/1.251.0010",
    journal = "PoS",
    volume = "LATTICE2015",
    pages = "010",
    year = "2016"
}
@article{Marino14,
    author = "Mari\~no, Marcos",
    title = "{Lectures on non-perturbative effects in large $N$ gauge theories, matrix models and strings}",
    eprint = "1206.6272",
    archivePrefix = "arXiv",
    primaryClass = "hep-th",
    doi = "10.1002/prop.201400005",
    journal = "Fortsch. Phys.",
    volume = "62",
    pages = "455--540",
    year = "2014"
}

@book{Schwartz14,
    author = "Schwartz, Matthew D.",
    title = "{Quantum Field Theory and the Standard Model}",
    isbn = "978-1-107-03473-0, 978-1-107-03473-0",
    publisher = "Cambridge University Press",
    month = "3",
    year = "2014"
}
@book{Weinberg95a,
    author = "Weinberg, Steven",
    title = "{The Quantum theory of fields. Vol. 1: Foundations}",
    doi = "10.1017/CBO9781139644167",
    isbn = "978-0-521-67053-1, 978-0-511-25204-4",
    publisher = "Cambridge University Press",
    month = "6",
    year = "2005"
}
@book{Weinberg96,
    author = "Weinberg, Steven",
    title = "{The quantum theory of fields. Vol. 2: Modern applications}",
    doi = "10.1017/CBO9781139644174",
    isbn = "978-1-139-63247-8, 978-0-521-67054-8, 978-0-521-55002-4",
    publisher = "Cambridge University Press",
    month = "8",
    year = "2013"
}
@article{Ball88,
    author = "Ball, R. D.",
    title = "{Chiral Gauge Theory}",
    reportNumber = "ITP-SB-88-68",
    doi = "10.1016/0370-1573(89)90027-6",
    journal = "Phys. Rept.",
    volume = "182",
    pages = "1",
    year = "1989"
}
@article{Polchinski84,
  title={Renormalization and effective lagrangians},
  author={Joseph Polchinski},
  journal={Nuclear Physics},
  year={1984},
  volume={231},
  pages={269-295}
}
@article{Chiaffrino22,
    author = "Chiaffrino, Christoph and Sachs, Ivo",
    title = "{QFT with stubs}",
    eprint = "2108.04312",
    archivePrefix = "arXiv",
    primaryClass = "hep-th",
    reportNumber = "LMU-ASC 29/21, HU-EP-21/24",
    doi = "10.1007/JHEP06(2022)120",
    journal = "JHEP",
    volume = "06",
    pages = "120",
    year = "2022"
}
@book{Erbin21,
    author = "Erbin, Harold",
    title = "{String Field Theory: A Modern Introduction}",
    eprint = "2301.01686",
    archivePrefix = "arXiv",
    primaryClass = "hep-th",
    doi = "10.1007/978-3-030-65321-7",
    isbn = "978-3-030-65320-0, 978-3-030-65321-7",
    series = "Lecture Notes in Physics",
    volume = "980",
    month = "3",
    year = "2021"
}
@article{PadillaSmith23,
    author = "Padilla, Antonio and Smith, Robert G. C.",
    title = "{Gauge Invariance and generalised  $\eta$ regularisation}",
    eprint = "2402.nnnnn",
    archivePrefix = "arXiv",
    primaryClass = "hep-th",
    note="To appear"
    }
   
 @ARTICLE{Peng02a,
       author = {{Pengelley}, David J.},
        title = "{Dances between continuous and discrete: Euler's summation formula}",
archivePrefix = {arXiv},
       eprint = {1912.03527},
 primaryClass = {math.HO}
}
@article{Peng02b,
  doi = {10.48550/ARXIV.1912.03527},
  url = {https://arxiv.org/abs/1912.03527},
  author = {Pengelley, David J.},
  keywords = {History and Overview (math.HO), Numerical Analysis (math.NA), Number Theory (math.NT), FOS: Mathematics, FOS: Mathematics, 01A50, 11-03, 65B15, 11M99},
  title = {Dances between continuous and discrete: Euler's summation formula},
  publisher = {arXiv},
  year = {2019},
  copyright = {arXiv.org perpetual, non-exclusive license}
}
@book{boyer11,
  title={A History of Mathematics},
  author={Boyer, C.B. and Merzbach, U.C.},
  isbn={9780470630563},
  lccn={2010003424},
  url={https://books.google.co.uk/books?id=bR9HAAAAQBAJ},
  year={2011},
  publisher={Wiley}
}
@book{Hardy73,
  title={Divergent series},
  author={Hardy, Godfrey Harold},
  volume={334},
  year={2000},
  publisher={American Mathematical Soc.}
}

@article{Berndt85,
	Author = {Berndt, Bruce C. },
	Da = {1983/03/01},
	Date-Added = {2023-12-21 11:36:45 +0000},
	Date-Modified = {2023-12-21 11:36:45 +0000},
	Doi = {10.1007/BF03323319},
	Id = {Berndt1983},
	Isbn = {1420-9012},
	Journal = {Results in Mathematics},
	Number = {1},
	Pages = {7--26},
	Title = {Chapter 6 of Ramanujan's second notebook},
	Ty = {JOUR},
	Url = {https://doi.org/10.1007/BF03323319},
	Volume = {6},
	Year = {1983},
	Bdsk-Url-1 = {https://doi.org/10.1007/BF03323319},
	Bdsk-Url-2 = {http://dx.doi.org/10.1007/BF03323319}}
	
@article{Graham91ConcreteMaths,
  title={Concrete mathematics: a foundation for computer science},
  author={Graham, Ronald L and Knuth, Donald E and Patashnik, Oren and Liu, Stanley},
  journal={Computers in Physics},
  volume={3},
  number={5},
  pages={106--107},
  year={1989},
  publisher={American Institute of Physics}
}

@misc{Euler08Reciprocals,
      title={On the sums of series of reciprocals}, 
      author={Leonhard Euler},
      year={2008},
      eprint={math/0506415},
      archivePrefix={arXiv},
      primaryClass={math.HO}
}
@book{Peng07,
  title={Mathematical masterpieces: Further chronicles by the explorers},
  author={Knoebel, Art and Laubenbacher, Reinhard and Lodder, Jerry and Pengelley, David},
  year={2007},
  publisher={Springer Science \& Business Media}
}
@book{Tao11,
  title={Compactness and contradiction},
  author={Tao, Terence},
  year={2013},
  publisher={American Mathematical Soc.}
}
@article{Ferraro98,
  title={Some Aspects of Euler's Theory of Series: Inexplicable Functions and the Euler--Maclaurin Summation Formula},
  author={Ferraro, Giovanni},
  journal={Historia mathematica},
  volume={25},
  number={3},
  pages={290--317},
  year={1998},
  publisher={Elsevier}
}
@book{Polchinski98,
    author = "Polchinski, J.",
    title = "{String theory. Vol. 1: An introduction to the bosonic string}",
    doi = "10.1017/CBO9780511816079",
    isbn = "978-0-511-25227-3, 978-0-521-67227-6, 978-0-521-63303-1",
    publisher = "Cambridge University Press",
    series = "Cambridge Monographs on Mathematical Physics",
    month = "12",
    year = "2007"
}
@article{Liao96,
    author = "Liao, Sen-Ben",
    title = "{On connection between momentum cutoff and the proper time regularizations}",
    eprint = "hep-th/9501124",
    archivePrefix = "arXiv",
    reportNumber = "DUKE-TH-94-80",
    doi = "10.1103/PhysRevD.53.2020",
    journal = "Phys. Rev. D",
    volume = "53",
    pages = "2020--2036",
    year = "1996"
}
@misc{Candelpergher09,
      title={Ramanujan Summation and the Exponential Generating Function $ \sum_{k=0}^{\infty}\frac{z^{k}}{k!}\zeta ^{\prime}(-k)$}, 
      author={B. Candelpergher and H. Gopalkrishna Gadiyar and R. Padma},
      year={2009},
      eprint={0901.3452},
      archivePrefix={arXiv},
      primaryClass={math.NT}
}
@book{candelpergher17,
  title={Ramanujan summation of divergent series},
  author={Candelpergher, Bernard and others},
  volume={2185},
  year={2017},
  publisher={Springer}
}
@article{Latorre94,
    author = "Latorre, Jose I. and Manuel, Cristina and Vilasis-Cardona, Xavier",
    title = "{Systematic differential renormalization to all orders}",
    eprint = "hep-th/9303044",
    archivePrefix = "arXiv",
    reportNumber = "UB-ECM-PF-93-4",
    doi = "10.1006/aphy.1994.1037",
    journal = "Annals Phys.",
    volume = "231",
    pages = "149--173",
    year = "1994"
}
@misc{Wreszinski21Divseries,
      title={Perturbative versus non-perturbative quantum field theory: the method of Tao, the Casimir effect and interacting Wightman theories}, 
      author={Walter F. Wreszinski},
      year={2021},
      eprint={2101.03930},
      archivePrefix={arXiv},
      primaryClass={math-ph}
}
@article{Elliott98,
  title={The Euler-Maclaurin formula revisited},
  author={David Elliott},
  journal={Anziam Journal},
  year={1998},
  volume={40},
  pages={27-76}
}
@misc{Euler18DeSeriebusDivergentibus,
      title={On divergent Series}, 
      author={Leonhard Euler and Alexander Aycock},
      year={2018},
      eprint={1808.02841},
      archivePrefix={arXiv},
      primaryClass={math.HO}
}
@article{RiemannPrimes,
  title={Appendix on the Number of Primes Less Than a Given Magnitude},
  author={Bernhard Riemann},
  journal={Pure and Applied Mathematics},
  year={1974},
  volume={58},
  pages={299-305}
}
@book{Harold74,
  title={Riemann's zeta function: By Harold M. Edwards. New York. (Academic Press). 1974. 315 pp.},
  author={Robert S. Spira},
  journal={Historia Mathematica},
  year={1976},
  volume={3},
  pages={489-490}
}
@book{Zagier81,
  title={Zetafunktionen und quadratische K{\"o}rper : eine Einf{\"u}hrung in die h{\"o}here Zahlentheorie},
  author={Don Zagier},
  year={1981}
}
@inproceedings{Zagier94,
  title={Values of Zeta Functions and Their Applications},
  author={Don Zagier},
  year={1994}
}
@inproceedings{Bernoulli68,
  title={Jacobi Bernoulli ... Ars conjectandi : opus posthumum : accedit Tractatus de seriebus infinitis, et Epistola Gallic{\`e} scripta de ludo pilae reticularis},
  author={Jakob Bernoulli},
  year={1968}
}
@book{Arakawa14,
  title={Bernoulli Numbers and Zeta Functions},
  author={Masanobu Kaneko and Tomoyoshi Ibukiyama and Tsuneo Arakawa},
  year={2014}
}
@article{Sant17,
  title={Sumas de Potencias y Series Divergentes Un Panorama Sobre Sumaci{\'o}n de Series, Sumas Suavizadas, N{\'u}meros y Polinomios de Bernoulli, la F{\'o}rmula de Euler--Maclaurin y la Funci{\'o}n $\zeta$ de Riemann},
  author={Santander, M},
  journal={Unpublished Notes},
  year={2017}
}
@article{Apostol99,
  title={An Elementary View of Euler's Summation Formula},
  author={Tom M. Apostol},
  journal={American Mathematical Monthly},
  year={1999},
  volume={106},
  pages={409-418}
}
@article{Spivey06,
  title={The Euler-Maclaurin Formula and Sums of Powers},
  author={Michael Z. Spivey},
  journal={Mathematics Magazine},
  year={2006},
  volume={79},
  pages={61 - 65}
}
@inproceedings{Connes2001TriangleOT,
  title={Triangle of Thoughts},
  author={Alain Connes and Andr{\'e} Lichnerowicz and Marcel Paul Sch{\"u}tzenberger},
  year={2001}
}
@book{Fock04,
author = {Fock, V.A.},
editor={L.D. Faddeev, L.A. Khalfin, I.V. Komarov},
title = {Selected works: Quantum mechanics and quantum field theory},
year = {2019},
publisher = {CRC Press},
isbn={9780367394301}
}
@article{Dunne2013,
	doi = {10.4310/cntp.2013.v7.n2.a1},
  
	url = {https://doi.org/10.4310%2Fcntp.2013.v7.n2.a1},
  
	year = 2013,
	publisher = {International Press of Boston},
  
	volume = {7},
  
	number = {2},
  
	pages = {225--249},
  
	author = {Gerald V. Dunne and Christian Schubert},
  
	title = {Bernoulli number identities from quantum field theory and topological string theory},
  
	journal = {Communications in Number Theory and Physics}
}
@misc{Guo07,
      title={Differential Birkhoff decomposition and the renormalization of multiple zeta values}, 
      author={Li Guo and Bin Zhang},
      year={2007},
      eprint={0710.0432},
      archivePrefix={arXiv},
      primaryClass={math.NT}
}
@article{Wu03,
    author = "Wu, Yue-Liang",
    title = "{Symmetry principle preserving and infinity free regularization and renormalization of quantum field theories and the mass gap}",
    eprint = "hep-th/0209021",
    archivePrefix = "arXiv",
    doi = "10.1142/S0217751X03015222",
    journal = "Int. J. Mod. Phys. A",
    volume = "18",
    pages = "5363--5420",
    year = "2003"
}
@article{Wu04,
    author = "Wu, Yue-Liang",
    title = "{Symmetry preserving loop regularization and renormalization of QFTs}",
    eprint = "hep-th/0311082",
    archivePrefix = "arXiv",
    doi = "10.1142/S0217732304015361",
    journal = "Mod. Phys. Lett. A",
    volume = "19",
    pages = "2191--2204",
    year = "2004"
}
@article{Wu14,
    author = "Wu, Yue-Liang",
    editor = "Phua, K. K. and Kwek, L. C. and Chang, N. P. and Chan, A. H.",
    title = "{Quantum Structure of Field Theory and Standard Model Based on Infinity-free Loop Regularization/Renormalization}",
    eprint = "1312.1403",
    archivePrefix = "arXiv",
    primaryClass = "hep-th",
    doi = "10.1142/S0217751X14300075",
    journal = "Int. J. Mod. Phys. A",
    volume = "29",
    pages = "1430007",
    year = "2014"
}
@article{Wu12,
    author = "Huang, Da and Wu, Yue-Liang",
    title = "{Consistency and Advantage of Loop Regularization Method Merging with Bjorken-Drell's Analogy Between Feynman Diagrams and Electrical Circuits}",
    eprint = "1108.3603",
    archivePrefix = "arXiv",
    primaryClass = "hep-ph",
    doi = "10.1140/epjc/s10052-012-2066-2",
    journal = "Eur. Phys. J. C",
    volume = "72",
    pages = "2066",
    year = "2012"
}
@article{Wu13,
    author = "Huang, Da and Li, Ling-Fong and Wu, Yue-Liang",
    title = "{Consistency of Loop Regularization Method and Divergence Structure of QFTs Beyond One-Loop Order}",
    eprint = "1210.2794",
    archivePrefix = "arXiv",
    primaryClass = "hep-ph",
    doi = "10.1140/epjc/s10052-013-2353-6",
    journal = "Eur. Phys. J. C",
    volume = "73",
    number = "4",
    pages = "2353",
    year = "2013"
}
@article{Wu17,
    author = "Bai, Dong and Wu, Yue-Liang",
    title = "{Quadratic Contributions of Softly Broken Supersymmetry in the Light of Loop Regularization}",
    eprint = "1706.06798",
    archivePrefix = "arXiv",
    primaryClass = "hep-ph",
    doi = "10.1140/epjc/s10052-017-5201-2",
    journal = "Eur. Phys. J. C",
    volume = "77",
    number = "9",
    pages = "617",
    year = "2017"
}

@article{Hooft72,
  title={Regularization and Renormalization of Gauge Fields},
  author={Gerard 't Hooft and Martinus J. G. Veltman},
  journal={Nuclear Physics},
  year={1972},
  volume={44},
  pages={189-213}
}
@article{Ashmore72,
  title={A method of gauge-invariant regularization},
  author={J. F. Ashmore},
  journal={Lettere al Nuovo Cimento (1971-1985)},
  year={1972},
  volume={4},
  pages={289-290}
}
@article{Bollini72a,
  title={Lowest order âdivergentâ graphs in v-dimensional space},
  author={Carlos Guido Bollini and Juan Jos{\'e} Giambiagi},
  journal={Physics Letters B},
  year={1972},
  volume={40},
  pages={566-568}
}
@article{Veltman81,
    author = "Veltman, M. J. G.",
    title = "{The Infrared - Ultraviolet Connection}",
    reportNumber = "Print-80-0851 (MICHIGAN)",
    journal = "Acta Phys. Polon. B",
    volume = "12",
    pages = "437",
    year = "1981"
}
@book{Costello11,
  title={Renormalization and Effective Field Theory},
  author={Costello, K.},
  isbn={9781470470081},
  lccn={2010047463},
  series={Mathematical Surveys and Monographs},
  url={https://books.google.co.uk/books?id=VhZuEAAAQBAJ},
  year={2022},
  publisher={American Mathematical Society}
}
@book{Costello21,
    author = "Costello, Kevin and Gwilliam, Owen",
    title = "{Factorization Algebras in Quantum Field Theory}",
    doi = "10.1017/9781316678664",
    isbn = "978-1-316-67866-4, 978-1-107-16315-7",
    publisher = "Cambridge University Press",
    series = "New Mathematical Monographs (41)",
    month = "9",
    year = "2021"
}
@article{Oleszczuk94,
    author = "Oleszczuk, M.",
    title = "{A Symmetry preserving cutoff regularization}",
    doi = "10.1007/BF01560115",
    journal = "Z. Phys. C",
    volume = "64",
    pages = "533--538",
    year = "1994"
}
@techreport{Bollini72b,
  title={Dimensional Renormalization: The Number of Dimensions as a Regularizing Parameter.},
  author={Bollini, Carlos Guido and Giambiagi, Juan Jos{\'e}},
  year={1972},
  institution={Univ. Nacional, La Plata}
}
@article{Gnendiger17,
  title={To d d, or not to d d: recent developments and comparisons of regularization schemes},
  author={Gnendiger, C and Signer, A and St{\"o}ckinger, D and Broggio, A and Cherchiglia, AL and Driencourt-Mangin, F and Fazio, AR and Hiller, B and Mastrolia, P and Peraro, T and others},
  journal={The European Physical Journal C},
  volume={77},
  pages={1--39},
  year={2017},
  publisher={Springer}
}
@article{Wilson73,
  title={Quantum field-theory models in less than 4 dimensions},
  author={Wilson, Kenneth G},
  journal={Physical Review D},
  volume={7},
  number={10},
  pages={2911},
  year={1973},
  publisher={APS}
}
@book{Collins84,
  title={Renormalization: an introduction to renormalization, the renormalization group and the operator-product expansion},
  author={Collins, John C},
  year={1984},
  publisher={Cambridge university press}
}
@misc{Wreszinski21,
      title={Perturbative versus non-perturbative quantum field theory: the method of Tao, the Casimir effect and interacting Wightman theories}, 
      author={Walter F. Wreszinski},
      year={2021},
      eprint={2101.03930},
      archivePrefix={arXiv},
      primaryClass={math-ph}
}
@inproceedings{Zeidler06QFT,
  title={Quantum Field Theory I: Basics in Mathematics and Physics: A Bridge between Mathematicians and Physicists},
  author={Eberhard H. Zeidler},
  year={2006}
}
@misc{Chapling16A,
      title={Note on Closed-Form Expressions for Irreducible Loop Integrals}, 
      author={Richard Chapling},
      year={2016},
      eprint={1608.05311},
      archivePrefix={arXiv},
      primaryClass={hep-th}
}
@article{Kadanoff:1966wm,
    author = "Kadanoff, L. P.",
    title = "{Scaling laws for Ising models near T(c)}",
    doi = "10.1103/PhysicsPhysiqueFizika.2.263",
    journal = "Physics Physique Fizika",
    volume = "2",
    pages = "263--272",
    year = "1966"
}
@article{Chapling16B,
	doi = {10.1142/s0217732316500309},
  
	url = {https://doi.org/10.1142%2Fs0217732316500309},
  
	year = 2016,
	month = {jan},
  
	publisher = {World Scientific Pub Co Pte Lt},
  
	volume = {31},
  
	number = {04},
  
	pages = {1650030},
  
	author = {Richard Chapling},
  
	title = {Asymptotics of certain sums required in loop regularisation},
  
	journal = {Modern Physics Letters A}
}
@article{Shapiro72,
    author = "Shapiro, Joel A.",
    title = "{Loop graph in the dual tube model}",
    doi = "10.1103/PhysRevD.5.1945",
    journal = "Phys. Rev. D",
    volume = "5",
    pages = "1945--1948",
    year = "1972"
}
@article{Gross:1987ar,
    author = "Gross, David J. and Mende, Paul F.",
    title = "{String Theory Beyond the Planck Scale}",
    reportNumber = "PUPT-1067",
    doi = "10.1016/0550-3213(88)90390-2",
    journal = "Nucl. Phys. B",
    volume = "303",
    pages = "407--454",
    year = "1988"
}

%\end{filecontents}