@article{Adams58,
author = "Adams, J. F.",
fjournal = "Bulletin of the American Mathematical Society",
journal = "Bull. Amer. Math. Soc.",
month = "09",
number = "5",
pages = "279--282",
publisher = "American Mathematical Society",
title = "On the nonexistence of elements of Hopf invariant one",
url = "https://projecteuclid.org:443/euclid.bams/1183522680",
volume = "64",
year = "1958"
}

@book {Adams78,
    AUTHOR = {Adams, John Frank},
     TITLE = {Infinite loop spaces},
    SERIES = {Annals of Mathematics Studies},
    VOLUME = {90},
 PUBLISHER = {Princeton University Press, Princeton, N.J.; University of
              Tokyo Press, Tokyo},
      YEAR = {1978},
     PAGES = {x+214},
      ISBN = {0-691-08207-3; 0-691-08206-5},
   MRCLASS = {55-02 (55N20 55P47)},
  MRNUMBER = {505692},
MRREVIEWER = {Stewart B. Priddy},
}

@incollection {AhrensCapriottiSpadotti,
    AUTHOR = {Ahrens, Benedikt and Capriotti, Paolo and Spadotti, R{\'e}gis},
     TITLE = {Non-wellfounded trees in homotopy type theory},
 BOOKTITLE = {13th {I}nternational {C}onference on {T}yped {L}ambda
              {C}alculi and {A}pplications},
    SERIES = {LIPIcs. Leibniz Int. Proc. Inform.},
    VOLUME = {38},
     PAGES = {17--30},
 PUBLISHER = {Schloss Dagstuhl. Leibniz-Zent. Inform., Wadern},
      YEAR = {2015},
   MRCLASS = {68N18 (03B35 55U35)},
  MRNUMBER = {3448094},
MRREVIEWER = {Anna Labella},
}

@article {AhrensKapulkinShulman,
    AUTHOR = {Ahrens, Benedikt and Kapulkin, Krzysztof and Shulman, Michael},
     TITLE = {Univalent categories and the {R}ezk completion},
   JOURNAL = {Math. Structures Comput. Sci.},
  FJOURNAL = {Mathematical Structures in Computer Science. A Journal in the
              Applications of Categorical, Algebraic and Geometric Methods
              in Computer Science},
    VOLUME = {25},
      YEAR = {2015},
    NUMBER = {5},
     PAGES = {1010--1039},
      ISSN = {0960-1295},
   MRCLASS = {18B99 (03B15)},
  MRNUMBER = {3340533},
MRREVIEWER = {Thomas Streicher},
       DOI = {10.1017/S0960129514000486},
       URL = {http://dx.doi.org/10.1017/S0960129514000486},
}

@ARTICLE{AngiuliHarperWilson,
   author = {{Angiuli}, C. and {Harper}, R. and {Wilson}, T.},
    title = "{Computational Higher Type Theory I: Abstract Cubical Realizability}",
  journal = {ArXiv e-prints},
archivePrefix = "arXiv",
   eprint = {1604.08873},
 primaryClass = "cs.LO",
 keywords = {Computer Science - Logic in Computer Science},
     year = 2016,
    month = apr,
   adsurl = {http://adsabs.harvard.edu/abs/2016arXiv160408873A},
  adsnote = {Provided by the SAO/NASA Astrophysics Data System}
}

@incollection {Awodey12,
    AUTHOR = {Awodey, Steve},
     TITLE = {Type theory and homotopy},
 BOOKTITLE = {Epistemology versus ontology},
    SERIES = {Log. Epistemol. Unity Sci.},
    VOLUME = {27},
     PAGES = {183--201},
 PUBLISHER = {Springer, Dordrecht},
      YEAR = {2012},
   MRCLASS = {03B15 (18B99 55P99)},
  MRNUMBER = {2962717},
MRREVIEWER = {Florian Rabe},
       DOI = {10.1007/978-94-007-4435-6_9},
       URL = {http://dx.doi.org/10.1007/978-94-007-4435-6_9},
}

@ARTICLE{Awodey14,
   author = {{Awodey}, S.},
    title = "{Natural models of homotopy type theory}",
  journal = {ArXiv e-prints},
archivePrefix = "arXiv",
   eprint = {1406.3219},
 primaryClass = "math.CT",
 keywords = {Mathematics - Category Theory, Mathematics - Logic},
     year = 2014,
    month = jun,
   adsurl = {http://adsabs.harvard.edu/abs/2014arXiv1406.3219A},
  adsnote = {Provided by the SAO/NASA Astrophysics Data System}
}


@article {AwodeyWarren,
    AUTHOR = {Awodey, Steve and Warren, Michael A.},
     TITLE = {Homotopy theoretic models of identity types},
   JOURNAL = {Math. Proc. Cambridge Philos. Soc.},
  FJOURNAL = {Mathematical Proceedings of the Cambridge Philosophical
              Society},
    VOLUME = {146},
      YEAR = {2009},
    NUMBER = {1},
     PAGES = {45--55},
      ISSN = {0305-0041},
     CODEN = {MPCPCO},
   MRCLASS = {03B15 (03B35 18G99 55U35)},
  MRNUMBER = {2461866},
MRREVIEWER = {Richard F. Blute},
       DOI = {10.1017/S0305004108001783},
       URL = {http://dx.doi.org/10.1017/S0305004108001783},
}

@article {VanDenBergGarner,
    AUTHOR = {van den Berg, Benno and Garner, Richard},
     TITLE = {Types are weak {$\omega$}-groupoids},
   JOURNAL = {Proc. Lond. Math. Soc. (3)},
  FJOURNAL = {Proceedings of the London Mathematical Society. Third Series},
    VOLUME = {102},
      YEAR = {2011},
    NUMBER = {2},
     PAGES = {370--394},
      ISSN = {0024-6115},
   MRCLASS = {18D05 (03B15 18D50)},
  MRNUMBER = {2769118},
MRREVIEWER = {Philippe Gaucher},
       DOI = {10.1112/plms/pdq026},
       URL = {http://dx.doi.org/10.1112/plms/pdq026},
}

@incollection {BezemCoquandHuber,
    AUTHOR = {Bezem, Marc and Coquand, Thierry and Huber, Simon},
     TITLE = {A model of type theory in cubical sets},
 BOOKTITLE = {19th {I}nternational {C}onference on {T}ypes for {P}roofs and
              {P}rograms},
    SERIES = {LIPIcs. Leibniz Int. Proc. Inform.},
    VOLUME = {26},
     PAGES = {107--128},
 PUBLISHER = {Schloss Dagstuhl. Leibniz-Zent. Inform., Wadern},
      YEAR = {2014},
   MRCLASS = {03B15},
  MRNUMBER = {3281415},
}

@book{Bishop1967,
	Address = {New York},
	Author = {Bishop, Erret},
	Pages = {xiii+370},
	Publisher = {McGraw-Hill Book Co.},
	Title = {Foundations of constructive analysis},
	Year = {1967}}

@article {BoardmanVogt,
    AUTHOR = {Boardman, J. M. and Vogt, R. M.},
     TITLE = {Homotopy-everything {$H$}-spaces},
   JOURNAL = {Bull. Amer. Math. Soc.},
  FJOURNAL = {Bulletin of the American Mathematical Society},
    VOLUME = {74},
      YEAR = {1968},
     PAGES = {1117--1122},
      ISSN = {0002-9904},
   MRCLASS = {55.42},
  MRNUMBER = {0236922},
MRREVIEWER = {R. J. Milgram},
}

@book {BottTu,
    AUTHOR = {Bott, Raoul and Tu, Loring W.},
     TITLE = {Differential forms in algebraic topology},
    SERIES = {Graduate Texts in Mathematics},
    VOLUME = {82},
 PUBLISHER = {Springer-Verlag, New York-Berlin},
      YEAR = {1982},
     PAGES = {xiv+331},
      ISBN = {0-387-90613-4},
   MRCLASS = {57R19 (55-02 58-01 58A12)},
  MRNUMBER = {658304},
MRREVIEWER = {Hansklaus Rummler},
}

@article {Brown62,
    AUTHOR = {Brown, Jr., Edgar H.},
     TITLE = {Cohomology theories},
   JOURNAL = {Ann. of Math. (2)},
  FJOURNAL = {Annals of Mathematics. Second Series},
    VOLUME = {75},
      YEAR = {1962},
     PAGES = {467--484},
      ISSN = {0003-486X},
   MRCLASS = {55.30},
  MRNUMBER = {0138104},
MRREVIEWER = {S.-T. Hu},
}

@ARTICLE{BruneriePhD,
   author = {{Brunerie}, G.},
    title = "{On the homotopy groups of spheres in homotopy type theory}",
  journal = {ArXiv e-prints},
archivePrefix = "arXiv",
   eprint = {1606.05916},
 primaryClass = "math.AT",
 keywords = {Mathematics - Algebraic Topology, Computer Science - Logic in Computer Science, Mathematics - Logic},
     year = 2016,
    month = jun,
   adsurl = {http://adsabs.harvard.edu/abs/2016arXiv160605916B},
  adsnote = {Provided by the SAO/NASA Astrophysics Data System}
}

@misc{Danielson12Blog,
  author = {Danielson, N.},
   title = {Positive h-levels are closed under W},
     url = {https://homotopytypetheory.org/2012/09/21/positive-h-levels-are-closed-under-w/},
    year = {2012},
}

@ARTICLE{VanDoorn15,
   author = {{Doorn}, F. van},
    title = "{Constructing the Propositional Truncation using Non-recursive HITs}",
  journal = {ArXiv e-prints},
archivePrefix = "arXiv",
   eprint = {1512.02274},
 primaryClass = "math.LO",
 keywords = {Mathematics - Logic, 03B15, F.4.1},
     year = 2015,
    month = dec,
   adsurl = {http://adsabs.harvard.edu/abs/2015arXiv151202274V},
  adsnote = {Provided by the SAO/NASA Astrophysics Data System}
}

@incollection {ElmendorfMandellMay,
    AUTHOR = {Elmendorf, A. D. and K{\v{r}}{\'{\i}}{\v{z}}, I. and Mandell,
              M. A. and May, J. P.},
     TITLE = {Modern foundations for stable homotopy theory},
 BOOKTITLE = {Handbook of algebraic topology},
     PAGES = {213--253},
 PUBLISHER = {North-Holland, Amsterdam},
      YEAR = {1995},
   MRCLASS = {55P42},
  MRNUMBER = {1361891},
MRREVIEWER = {J. M. Boardman},
       DOI = {10.1016/B978-044481779-2/50007-9},
       URL = {http://dx.doi.org/10.1016/B978-044481779-2/50007-9},
}

@inproceedings {FinsterLicata,
    AUTHOR = {Licata, Daniel R. and Finster, Eric},
     TITLE = {Eilenberg-{M}ac{L}ane spaces in homotopy type theory},
 BOOKTITLE = {Proceedings of the {J}oint {M}eeting of the {T}wenty-{T}hird
              {EACSL} {A}nnual {C}onference on {C}omputer {S}cience {L}ogic
              ({CSL}) and the {T}wenty-{N}inth {A}nnual {ACM}/{IEEE}
              {S}ymposium on {L}ogic in {C}omputer {S}cience ({LICS})},
     PAGES = {Article No. 66, 10},
 PUBLISHER = {ACM, New York},
      YEAR = {2014},
   MRCLASS = {68N18 (03B15 03B70 55U35)},
  MRNUMBER = {3397687},
MRREVIEWER = {Dae-Woong Lee},
}

@book {HatcherAT,
    AUTHOR = {Hatcher, Allen},
     TITLE = {Algebraic topology},
 PUBLISHER = {Cambridge University Press, Cambridge},
      YEAR = {2002},
     PAGES = {xii+544},
      ISBN = {0-521-79160-X; 0-521-79540-0},
   MRCLASS = {55-01 (55-00)},
  MRNUMBER = {1867354},
MRREVIEWER = {Donald W. Kahn},
}

@unpublished{HatcherSSAT,
  AUTHOR = {Hatcher, Allen},
  TITLE = {Spectral sequences in algebraic topology},
  YEAR = {2004},
  URL = {https://www.math.cornell.edu/~hatcher/SSAT/SSATpage.html},
}

@inproceedings {Hopkins02,
    AUTHOR = {Hopkins, M. J.},
     TITLE = {Algebraic topology and modular forms},
 BOOKTITLE = {Proceedings of the {I}nternational {C}ongress of
              {M}athematicians, {V}ol. {I} ({B}eijing, 2002)},
     PAGES = {291--317},
 PUBLISHER = {Higher Ed. Press, Beijing},
      YEAR = {2002},
   MRCLASS = {11F23 (14H52 55N34 55Q45)},
  MRNUMBER = {1989190},
MRREVIEWER = {Matthew Ando},
}

@ARTICLE{KapulkinLeFanuLumsdaine,
   author = {{Kapulkin}, C. and {LeFanu Lumsdaine}, P.},
    title = "{The Simplicial Model of Univalent Foundations (after Voevodsky)}",
  journal = {ArXiv e-prints},
archivePrefix = "arXiv",
   eprint = {1211.2851},
 primaryClass = "math.LO",
 keywords = {Mathematics - Logic, Mathematics - Algebraic Topology, Mathematics - Category Theory, 03B15, 55U10 (Primary), 18C50, 55U35 (Secondary)},
     year = 2012,
    month = nov,
   adsurl = {http://adsabs.harvard.edu/abs/2012arXiv1211.2851K},
  adsnote = {Provided by the SAO/NASA Astrophysics Data System}
}

@article {Kelly80,
    AUTHOR = {Kelly, G. M.},
     TITLE = {A unified treatment of transfinite constructions for free
              algebras, free monoids, colimits, associated sheaves, and so
              on},
   JOURNAL = {Bull. Austral. Math. Soc.},
  FJOURNAL = {Bulletin of the Australian Mathematical Society},
    VOLUME = {22},
      YEAR = {1980},
    NUMBER = {1},
     PAGES = {1--83},
      ISSN = {0004-9727},
     CODEN = {ALNBAB},
   MRCLASS = {18C15 (18A40)},
  MRNUMBER = {589937},
MRREVIEWER = {V{\'a}clav Koubek},
       DOI = {10.1017/S0004972700006353},
       URL = {http://dx.doi.org/10.1017/S0004972700006353},
}

@book {Kochman96,
    AUTHOR = {Kochman, S. O.},
     TITLE = {Bordism, stable homotopy and {A}dams spectral sequences},
    SERIES = {Fields Institute Monographs},
    VOLUME = {7},
 PUBLISHER = {American Mathematical Society, Providence, RI},
      YEAR = {1996},
     PAGES = {xiv+272},
      ISBN = {0-8218-0600-9},
   MRCLASS = {55P42 (55N20 55N22 55Q45 55R40 55T15)},
  MRNUMBER = {1407034},
MRREVIEWER = {J. P. C. Greenlees},
       DOI = {10.1090/fim/007},
       URL = {http://dx.doi.org/10.1090/fim/007},
}

@misc {Lumsdaine11Blog,
    AUTHOR = {Lefanu Lumsdaine, Peter},
     TITLE = {Higher inductive types: a tour of the menagerie},
       URL = {https://homotopytypetheory.org/2011/04/24/higher-inductive-types-a-tour-of-the-menagerie/},
      YEAR = {2011}
}

@misc {Lumsdaine12Blog,
  AUTHOR = {Lefanu Lumsdaine, Peter},
   TITLE = {Reducing all HIT's to 1-HIT's},
     URL = {https://homotopytypetheory.org/2012/05/07/reducing-all-hits-to-1-hits/},
    YEAR = {2012}
}

@article {Lumsdaine10,
    AUTHOR = {Lefanu Lumsdaine, Peter},
     TITLE = {Weak {$\omega$}-categories from intensional type theory
              [reprint of MR2720193]},
   JOURNAL = {Log. Methods Comput. Sci.},
  FJOURNAL = {Logical Methods in Computer Science},
      YEAR = {2010},
    NUMBER = {Special issue: Selected papers of the conference ``Typed
              Lambda Calculi and Applications 2009''},
     PAGES = {3:24, 19},
      ISSN = {1860-5974},
   MRCLASS = {03B15 (18D50)},
  MRNUMBER = {2912856},
}

@book {LewisMay,
    AUTHOR = {Lewis, Jr., L. G. and May, J. P. and Steinberger, M. and
              McClure, J. E.},
     TITLE = {Equivariant stable homotopy theory},
    SERIES = {Lecture Notes in Mathematics},
    VOLUME = {1213},
      NOTE = {With contributions by J. E. McClure},
 PUBLISHER = {Springer-Verlag, Berlin},
      YEAR = {1986},
     PAGES = {x+538},
      ISBN = {3-540-16820-6},
   MRCLASS = {55-02 (55Nxx 55Pxx 57S99)},
  MRNUMBER = {866482},
MRREVIEWER = {T. tom Dieck},
       DOI = {10.1007/BFb0075778},
       URL = {http://dx.doi.org/10.1007/BFb0075778},
}

@incollection {LicataShulman,
    AUTHOR = {Licata, Daniel R. and Shulman, Michael},
     TITLE = {Calculating the fundamental group of the circle in homotopy
              type theory},
 BOOKTITLE = {2013 28th {A}nnual {ACM}/{IEEE} {S}ymposium on {L}ogic in
              {C}omputer {S}cience ({LICS} 2013)},
     PAGES = {223--232},
 PUBLISHER = {IEEE Computer Soc., Los Alamitos, CA},
      YEAR = {2013},
   MRCLASS = {03B15 (55U40)},
  MRNUMBER = {3323808},
MRREVIEWER = {Thomas John Hunter},
}

@book {Lurie09,
    AUTHOR = {Lurie, Jacob},
     TITLE = {Higher topos theory},
    SERIES = {Annals of Mathematics Studies},
    VOLUME = {170},
 PUBLISHER = {Princeton University Press, Princeton, NJ},
      YEAR = {2009},
     PAGES = {xviii+925},
      ISBN = {978-0-691-14049-0; 0-691-14049-9},
   MRCLASS = {18-02 (18B25 18E35 18G30 18G55 55U40)},
  MRNUMBER = {2522659},
MRREVIEWER = {Mark Hovey},
       DOI = {10.1515/9781400830558},
       URL = {http://dx.doi.org/10.1515/9781400830558},
}

@book {MartinLof84,
    AUTHOR = {Martin-L{\"o}f, Per},
     TITLE = {Intuitionistic type theory},
    SERIES = {Studies in Proof Theory. Lecture Notes},
    VOLUME = {1},
      NOTE = {Notes by Giovanni Sambin},
 PUBLISHER = {Bibliopolis, Naples},
      YEAR = {1984},
     PAGES = {iv+91},
      ISBN = {88-7088-105-9},
   MRCLASS = {03B15 (03F50 03F55)},
  MRNUMBER = {769301},
MRREVIEWER = {M. M. Richter},
}

@article {Massey52,
    AUTHOR = {Massey, W. S.},
     TITLE = {Exact couples in algebraic topology. {I}, {II}},
   JOURNAL = {Ann. of Math. (2)},
  FJOURNAL = {Annals of Mathematics. Second Series},
    VOLUME = {56},
      YEAR = {1952},
     PAGES = {363--396},
      ISSN = {0003-486X},
   MRCLASS = {56.0X},
  MRNUMBER = {0052770},
MRREVIEWER = {H. Cartan},
}

@book {May72,
    AUTHOR = {May, J. P.},
     TITLE = {The geometry of iterated loop spaces},
      NOTE = {Lectures Notes in Mathematics, Vol. 271},
 PUBLISHER = {Springer-Verlag, Berlin-New York},
      YEAR = {1972},
     PAGES = {viii+175},
   MRCLASS = {55D35},
  MRNUMBER = {0420610},
MRREVIEWER = {J. Stasheff},
}

@book {McCleary01,
    AUTHOR = {McCleary, John},
     TITLE = {A user's guide to spectral sequences},
    SERIES = {Cambridge Studies in Advanced Mathematics},
    VOLUME = {58},
   EDITION = {Second},
 PUBLISHER = {Cambridge University Press, Cambridge},
      YEAR = {2001},
     PAGES = {xvi+561},
      ISBN = {0-521-56759-9},
   MRCLASS = {55Txx (18G40)},
  MRNUMBER = {1793722},
MRREVIEWER = {Frank Neumann},
}

@book {MunsonVolic,
    AUTHOR = {Munson, Brian A. and Voli\'c, Ismar},
     TITLE = {Cubical homotopy theory},
    SERIES = {New Mathematical Monographs},
    VOLUME = {25},
 PUBLISHER = {Cambridge University Press, Cambridge},
      YEAR = {2015},
     PAGES = {xv+631},
      ISBN = {978-1-107-03025-1},
   MRCLASS = {55P99 (16B50 18G30 55U10 57Q45 57R19)},
  MRNUMBER = {3559153},
MRREVIEWER = {Rui Miguel Saramago},
       URL = {https://doi.org/10.1017/CBO9781139343329},
}

@article {Nishida73,
    AUTHOR = {Nishida, Goro},
     TITLE = {The nilpotency of elements of the stable homotopy groups of
              spheres},
   JOURNAL = {J. Math. Soc. Japan},
  FJOURNAL = {Journal of the Mathematical Society of Japan},
    VOLUME = {25},
      YEAR = {1973},
     PAGES = {707--732},
      ISSN = {0025-5645},
   MRCLASS = {55E45},
  MRNUMBER = {0341485},
MRREVIEWER = {J. F. Adams},
}

@incollection {Pontryagin59,
    AUTHOR = {Pontryagin, L. S.},
     TITLE = {Smooth manifolds and their applications in homotopy theory},
 BOOKTITLE = {American {M}athematical {S}ociety {T}ranslations, {S}er. 2,
              {V}ol. 11},
     PAGES = {1--114},
 PUBLISHER = {American Mathematical Society, Providence, R.I.},
      YEAR = {1959},
   MRCLASS = {57.00},
  MRNUMBER = {0115178},
}

@book {Ravenel86,
    AUTHOR = {Ravenel, Douglas C.},
     TITLE = {Complex cobordism and stable homotopy groups of spheres},
    SERIES = {Pure and Applied Mathematics},
    VOLUME = {121},
 PUBLISHER = {Academic Press, Inc., Orlando, FL},
      YEAR = {1986},
     PAGES = {xx+413},
      ISBN = {0-12-583430-6; 0-12-583431-4},
   MRCLASS = {55-02 (55Qxx 57-02)},
  MRNUMBER = {860042},
MRREVIEWER = {Joseph Neisendorfer},
}

\@unpublished{RezkBM,
  AUTHOR = {Rezk, Charles},
   TITLE = {Proof of the Blakers-Massey theorem},
    YEAR = {2015},
     URL = {https://faculty.math.illinois.edu/~rezk/freudenthal-and-blakers-massey.pdf}
}


@article {RijkeSpitters,
    AUTHOR = {Rijke, Egbert and Spitters, Bas},
     TITLE = {Sets in homotopy type theory},
   JOURNAL = {Math. Structures Comput. Sci.},
  FJOURNAL = {Mathematical Structures in Computer Science. A Journal in the
              Applications of Categorical, Algebraic and Geometric Methods
              in Computer Science},
    VOLUME = {25},
      YEAR = {2015},
    NUMBER = {5},
     PAGES = {1172--1202},
      ISSN = {0960-1295},
   MRCLASS = {03B15 (03E99 18Bxx 55U35)},
  MRNUMBER = {3340540},
MRREVIEWER = {Krzysztof R. Kapulkin},
       DOI = {10.1017/S0960129514000553},
       URL = {http://dx.doi.org/10.1017/S0960129514000553},
}

@book {Rudyak98,
    AUTHOR = {Rudyak, Yuli B.},
     TITLE = {On {T}hom spectra, orientability, and cobordism},
    SERIES = {Springer Monographs in Mathematics},
      NOTE = {With a foreword by Haynes Miller},
 PUBLISHER = {Springer-Verlag, Berlin},
      YEAR = {1998},
     PAGES = {xii+587},
      ISBN = {3-540-62043-5},
   MRCLASS = {55-02 (55N22 55P42 57-02)},
  MRNUMBER = {1627486},
MRREVIEWER = {Donald M. Davis},
}

@article {Serre53,
    AUTHOR = {Serre, Jean-Pierre},
     TITLE = {Groupes d'homotopie et classes de groupes ab\'eliens},
   JOURNAL = {Ann. of Math. (2)},
  FJOURNAL = {Annals of Mathematics. Second Series},
    VOLUME = {58},
      YEAR = {1953},
     PAGES = {258--294},
      ISSN = {0003-486X},
   MRCLASS = {56.0X},
  MRNUMBER = {0059548},
MRREVIEWER = {W. S. Massey},
}

@misc{Shulman13Cohomology,
  title = {Cohomology},
   author = {Shulman, Michael},
  howpublished = {\url{https://homotopytypetheory.org/2013/07/24/cohomology/}},
  year = {2013}
}

@misc{Shulman13Spectral,
  title = {Spectral sequences in HoTT},
  author = {Shulman, Michael},
  howpublished = {\url{https://ncatlab.org/homotopytypetheory/show/spectral+sequences}},
  year = {2013},
}

@misc{Shulman11Blog,
  title = {Homotopy Type Theory, VI},
  author = {Shulman, Michael},
  howpublished = {\url{https://golem.ph.utexas.edu/category/2011/04/homotopy_type_theory_vi.html}},
  year = {2011}
}

@article {Shulman15,
    AUTHOR = {Shulman, Michael},
     TITLE = {The univalence axiom for elegant {R}eedy presheaves},
   JOURNAL = {Homology Homotopy Appl.},
  FJOURNAL = {Homology, Homotopy and Applications},
    VOLUME = {17},
      YEAR = {2015},
    NUMBER = {2},
     PAGES = {81--106},
      ISSN = {1532-0073},
   MRCLASS = {03G30 (18G55 55U35)},
  MRNUMBER = {3421464},
MRREVIEWER = {Krzysztof R. Kapulkin},
       DOI = {10.4310/HHA.2015.v17.n2.a6},
       URL = {http://dx.doi.org/10.4310/HHA.2015.v17.n2.a6},
}

@book {Steenrod62,
    AUTHOR = {Steenrod, N. E.},
     TITLE = {Cohomology operations},
    SERIES = {Lectures by N. E. Steenrod written and revised by D. B. A.
              Epstein. Annals of Mathematics Studies, No. 50},
 PUBLISHER = {Princeton University Press, Princeton, N.J.},
      YEAR = {1962},
     PAGES = {vii+139},
   MRCLASS = {55.34},
  MRNUMBER = {0145525},
MRREVIEWER = {S.-T. Hu},
}

@book {Switzer02,
    AUTHOR = {Switzer, Robert M.},
     TITLE = {Algebraic topology---homotopy and homology},
    SERIES = {Classics in Mathematics},
      NOTE = {Reprint of the 1975 original [Springer, New York;  MR0385836
              (52 \#6695)]},
 PUBLISHER = {Springer-Verlag, Berlin},
      YEAR = {2002},
     PAGES = {xiv+526},
      ISBN = {3-540-42750-3},
   MRCLASS = {55-02},
  MRNUMBER = {1886843},
}

@article {Thom54,
    AUTHOR = {Thom, Ren{\'e}},
     TITLE = {Quelques propri\'et\'es globales des vari\'et\'es
              diff\'erentiables},
   JOURNAL = {Comment. Math. Helv.},
  FJOURNAL = {Commentarii Mathematici Helvetici},
    VOLUME = {28},
      YEAR = {1954},
     PAGES = {17--86},
      ISSN = {0010-2571},
   MRCLASS = {56.0X},
  MRNUMBER = {0061823},
MRREVIEWER = {W. S. Massey},
}

@Book{hottbook,
  author =    {The {Univalent Foundations Program}},
  title =     {Homotopy Type Theory: Univalent Foundations of Mathematics},
  publisher = {\url{https://homotopytypetheory.org/book}},
  address =   {Institute for Advanced Study},
  year =      2013
}

@article {Voevodsky15,
    AUTHOR = {Voevodsky, Vladimir},
     TITLE = {A {C}-system defined by a universe category},
   JOURNAL = {Theory Appl. Categ.},
  FJOURNAL = {Theory and Applications of Categories},
    VOLUME = {30},
      YEAR = {2015},
     PAGES = {No. 37, 1181--1215},
      ISSN = {1201-561X},
   MRCLASS = {18C99 (03G30)},
  MRNUMBER = {3402489},
MRREVIEWER = {Fabio Pasquali},
}

@unpublished {Voevodsky06,
  AUTHOR = {Voevodsky, Vladimir},
   TITLE = {A very short note on homotopy $\lambda$-calculus},
     URL = {http://www.math.ias.edu/~vladimir/Site3/Univalent_Foundations_files/Hlambda_short_current.pdf},
    YEAR = {2006}
}

@unpublished {Voevodsky10,
  AUTHOR = {Voevodsky, Vladimir},
   TITLE = {Univalent Foundations Project},
     URL = {http://www.math.ias.edu/~vladimir/Site3/Univalent_Foundations_files/univalent_foundations_project.pdf},
    YEAR = {2010}
}

@article {Whitehead62,
    AUTHOR = {Whitehead, George W.},
     TITLE = {Generalized homology theories},
   JOURNAL = {Trans. Amer. Math. Soc.},
  FJOURNAL = {Transactions of the American Mathematical Society},
    VOLUME = {102},
      YEAR = {1962},
     PAGES = {227--283},
      ISSN = {0002-9947},
   MRCLASS = {55.30},
  MRNUMBER = {0137117},
MRREVIEWER = {S.-T. Hu},
}
