@book{carroll2017big,
  title={The big picture: on the origins of life, meaning, and the universe itself},
  author={Carroll, Sean M.},
  year={2017},
  publisher={Penguin}
}

@article{Manohar:2018aog,
    author = "Manohar, Aneesh V.",
    editor = "Davidson, Sacha and Gambino, Paolo and Laine, Mikko and Neubert, Matthias and Salomon, Christophe",
    title = "{Introduction to Effective Field Theories}",
    eprint = "1804.05863",
    archivePrefix = "arXiv",
    primaryClass = "hep-ph",
    doi = "10.1093/oso/9780198855743.003.0002",
    journal = "Les Houches Lect. Notes",
    volume = "108",
    year = "2020"
}

@article{milgrom1983modification,
  title={A modification of the Newtonian dynamics as a possible alternative to the hidden mass hypothesis},
  author={Milgrom, Mordehai},
  journal={The Astrophysical Journal},
  volume={270},
  pages={365--370},
  year={1983}
}

@book{pullman2000,
  title={The Amber Spyglass},
  author={Pullman, Phillip},
  year={2000},
  publisher={Scholastic/David Fickling Books}
}

@article{rivat2020philosophical,
  title={Philosophical foundations of effective field theories},
  author={Rivat, S{\'e}bastien and Grinbaum, Alexei},
  journal={The European Physical Journal A},
  volume={56},
  number={3},
  pages={1--10},
  year={2020},
  publisher={Springer}
}

@book{weinberg1995quantum,
  title={The Quantum Theory of Fields},
  author={Weinberg, Steven},
  volume={1},
  chapter={4},
  year={1995},
  publisher={Cambridge University Press}
}

@inproceedings{Weinberg:1996kw,
    author = "Weinberg, Steven",
    title = "{What is quantum field theory, and what did we think it is?}",
    booktitle = "{Conference on Historical Examination and Philosophical Reflections on the Foundations of Quantum Field Theory}",
    eprint = "hep-th/9702027",
    archivePrefix = "arXiv",
    reportNumber = "UTTG-05-97",
    pages = "241--251",
    month = "3",
    year = "1996"
}

@book{wilczek2015beautiful,
  title={A Beautiful Question: Finding Nature's Deep Design},
  author={Wilczek, Frank},
  year={2015},
  publisher={Penguin}
}

@book{peskin2015introduction,
  title={An Introduction to Quantum Field Theory},
  author={Peskin, Michael E. and Schroeder, Daniel V.},
  year={2015},
  publisher={CRC press}
}

@article{Wilson:1971bg,
    author = "Wilson, Kenneth G.",
    title = "{Renormalization group and critical phenomena. 1. Renormalization group and the Kadanoff scaling picture}",
    doi = "10.1103/PhysRevB.4.3174",
    journal = "Phys. Rev. B",
    volume = "4",
    pages = "3174--3183",
    year = "1971"
}

@article{Wilson:1971dh,
    author = "Wilson, Kenneth G.",
    title = "{Renormalization group and critical phenomena. 2. Phase space cell analysis of critical behavior}",
    doi = "10.1103/PhysRevB.4.3184",
    journal = "Phys. Rev. B",
    volume = "4",
    pages = "3184--3205",
    year = "1971"
}

@article{Wilson:1973jj,
    author = "Wilson, K.G. and Kogut, John B.",
    title = "{The Renormalization group and the epsilon expansion}",
    doi = "10.1016/0370-1573(74)90023-4",
    journal = "Phys. Rept.",
    volume = "12",
    pages = "75--199",
    year = "1974"
}

@article{Polchinski:1983gv,
    author = "Polchinski, Joseph",
    title = "{Renormalization and Effective Lagrangians}",
    reportNumber = "HUTP-83-A018",
    doi = "10.1016/0550-3213(84)90287-6",
    journal = "Nucl. Phys. B",
    volume = "231",
    pages = "269--295",
    year = "1984"
}

@article{Acciarri_1999,
   title={Single and multi-photon events with missing energy in $e$-$\bar e$ collisions at $\sqrt{s}$ = 189 GeV},
   volume={470},
   ISSN={0370-2693},
   url={http://dx.doi.org/10.1016/S0370-2693(99)01286-1},
   DOI={10.1016/s0370-2693(99)01286-1},
   number={1-4},
   journal={Physics Letters B},
   publisher={Elsevier BV},
   author={Acciarri, M. et al.},
   year={1999},
   month={Dec},
   pages={268â€“280}
}

@article{Fox_2012,
   title={Missing energy signatures of dark matter at the LHC},
   volume={85},
   ISSN={1550-2368},
   url={http://dx.doi.org/10.1103/PhysRevD.85.056011},
   DOI={10.1103/physrevd.85.056011},
   number={5},
   journal={Physical Review D},
   publisher={American Physical Society (APS)},
   author={Fox, Patrick J. and Harnik, Roni and Kopp, Joachim and Tsai, Yuhsin},
   year={2012},
   month={Mar}
}

@incollection{mele2015measurement,
  title={The measurement of the number of light neutrino species at LEP},
  author={Mele, Salvatore},
  booktitle={60 Years of CERN Experiments and Discoveries},
  pages={89--106},
  year={2015},
  publisher={World Scientific}
}

@article{burgess1994model,
  title={Model-independent global constraints on new physics},
  author={Burgess, CP and Godfrey, Stephen and K{\"o}nig, Heinz and London, David and Maksymyk, Ivan},
  journal={Physical Review D},
  volume={49},
  number={11},
  pages={6115},
  year={1994},
  publisher={APS}
}

@article{Aad:2020cws,
    author = "Aad, Georges and others",
    collaboration = "ATLAS",
    title = "{Dijet resonance search with weak supervision using $\sqrt{s}=13$ TeV $pp$ collisions in the ATLAS detector}",
    eprint = "2005.02983",
    archivePrefix = "arXiv",
    primaryClass = "hep-ex",
    reportNumber = "CERN-EP-2020-062",
    doi = "10.1103/PhysRevLett.125.131801",
    journal = "Phys. Rev. Lett.",
    volume = "125",
    number = "13",
    pages = "131801",
    year = "2020"
}

@article{ADELBERGER2009102,
title = "Torsion balance experiments: A low-energy frontier of particle physics",
journal = "Progress in Particle and Nuclear Physics",
volume = "62",
number = "1",
pages = "102 - 134",
year = "2009",
issn = "0146-6410",
doi = "https://doi.org/10.1016/j.ppnp.2008.08.002",
url = "http://www.sciencedirect.com/science/article/pii/S0146641008000720",
author = "E.G. Adelberger and J.H. Gundlach and B.R. Heckel and S. Hoedl and S. Schlamminger",
}

@book{penrose1989emperor,
  title={The Emperor's New Mind: Concerning Computers, Minds, and the Laws of Physics},
  author={Penrose, Roger},
  year={1989},
  publisher={Oxford University Press}
}

@inproceedings{Chalmers2014ConsciousnessAT,
  title="Consciousness and the Collapse of the Wave Function",
  author="D. Chalmers and K. McQueen",
  booktitle="Quantum Mechanics and Consciousness",
  year="2014",
}