@article{hindley69
    ,key={hindley}
    ,author={Hindley, R.}
    ,title={The Principal Type Scheme of an Object in Combinatory Logic}
    ,journal={Transactions of the American Mathematical Society}
    ,volume=146
    ,year=1969
    ,month=Dec
    ,pages={29--60}
    }
 
 @article{milner78
    ,key={milner}
    ,author={Milner, R.A.}
    ,title={A Theory of Type Polymorphism in Programming}
    ,journal={Journal of Computer and System Sciences}
    ,volume=17
    ,number=3
    ,year=1978
    ,month=Dec
    ,pages={348--375}
    }
 
@book{curry&feys:book
    ,key={curry}
    ,author={Curry, H.K. and Feys, R.}
    ,title={Combinatory Logic}
    ,publisher={North-Holland Pub. Co.}
    ,address={Amsterdam}
    ,year=1958
    }

@book{steele:common-lisp,
	author="{Steele Jr.}, G.L.",
	title="{Common} {Lisp}: The Language",
	publisher="Digital Press",
	address="Burlington, Mass.",
	year=1984}

@article{RRRRS
    ,key={rees}
    ,author={Rees, J. and Clinger (eds.), W.}
    ,title={The Revised$^3$ Report on the Algorithmic Language {S}cheme}
    ,journal={SIGPLAN Notices}
    ,volume=21
    ,number=12
    ,year=1986
    ,month=dec
    ,pages={37--79}
    }

@inproceedings{penfield:complex-apl,
	author="Penfield, Jr., P.",
	title="Principal Values and Branch Cuts in Complex {APL}",
	booktitle="APL '81 Conference Proceedings",
	address="San Francisco",
	year=1981,
	month=sep,
	pages="248--256"}

@techreport{nikhil:id-nouveau,
	author="Nikhil, R.S.",
	title="{Id-Nouveau} (Version 88.0) Reference Manual",
	institution="MIT Laboratory for Computer Science",
	address="Cambridge, Mass.",
	year=1988,
	month=mar}

@techreport{hudak:io
        ,key="Hudak"
        ,author="Hudak, P. and Sundaresh, R."
        ,title="On the Expressiveness of Purely Functional {I/O} Systems"
        ,institution="Yale University, Department of Computer Science"
        ,month=dec
        ,number="YALEU/DCS/RR665"
        ,year=1988
        }

@book{peyton-jones:book
    ,key={peyton jones}
    ,author={Peyton Jones, S.}
    ,title={The Implementation of Functional Programming Languages}
    ,publisher={Prentice-Hall International}
    ,address={Englewood Cliffs, New Jersey}
    ,year=1987
    }

@book{gordon
    ,key={gordon}
    ,author={Gordon, J.C.}
    ,title={The Denotational Description of Programming Languages}
    ,publisher={Springer-Verlag}
    ,address={New York}
    ,year=1979
    }

@article{mcca60
        ,key="McCarthy"
        ,author="McCarthy, J."
        ,title="Recursive functions of symbolic expressions and their
                computation by machine, {P}art {I}"
        ,journal="CACM"
        ,volume=3
        ,number=4
        ,pages="184--195"
        ,month=Apr
        ,year=1960
        }

@article{back78
        ,key="Backus"
        ,author="Backus, J."
        ,title="Can programming be liberated from the von {N}eumann style?
                {A} functional style and its algebra of programs"
        ,journal="CACM"
        ,volume=21
        ,number=8
        ,pages="613--641"
        ,month=Aug
        ,year=1978
        }

@InProceedings{wadler:array-primitive,
	author="Wadler, P.",
	title="A New Array Operation",
	editor="Fasel, J.H. and Keller, R.M.",
	booktitle="Graph Reduction",
	publisher="Springer-Verlag",
    volume="279",
    series="Lecture Notes in Computer Science",
	address="Heidelberg",
	year=1987,
	pages="328--335"}

@InProceedings{turn85
    ,key={turner}
    ,author={Turner, D.A.}
    ,title={Miranda: a non-strict functional language with polymorphic types}
    ,booktitle={Functional Programming Languages and Computer Architecture}
    ,month=Sep
    ,year=1985
    ,publisher={Springer-Verlag}
    ,address={Nancy, France}
    ,volume="201"
    ,series="Lecture Notes in Computer Science"
    ,pages={1--16}
    }

@article{landin66
    ,key={landin}
    ,author={Landin, P.J.}
    ,title={The Next 700 Programming Languages}
    ,journal="CACM"
    ,volume=9
    ,number=3
    ,year=1966
    ,month=mar
    ,pages={157--166}
    }
  
@InProceedings{wadler:classes
    ,key={wadler}
    ,author={Wadler, P. and Blott, S.}
    ,title={How to Make {\em ad hoc} Polymorphism Less {\em ad hoc}}
    ,booktitle={Proceedings of 16th ACM Symposium 
                on Principles of Programming Languages}
    ,month=Jan
    ,address="Austin, Texas"
    ,year=1989
    ,pages={60--76}
    }

@inproceedings{gordonetal78
    ,key={gordon}
    ,author={Gordon, M. and Milner, R. and Morris, L. and Newey, M. and
             Wadsworth, C.}
    ,title={A Metalanguage for Interactive Proof in {LCF}}
    ,booktitle={Proceedings of 5th ACM Symposium
                on Principles of Programming Languages}
    ,year=1978
    ,pages={119--130}
    }
 
@InProceedings{burs80
    ,key={burstall}
    ,author={Burstall, R.M. and MacQueen, D.B. and Sannella, D.T.}
    ,title={{HOPE}: An experimental Applicative Language}
    ,booktitle={The 1980 LISP Conference}
    ,address={Stanford University}
    ,year=1980
    ,month=aug
    ,pages={136--143}
    }

@Article{haskell98,
  author = 	 {Simon {Peyton Jones} and others},
  title = 	 {Haskell 98 Language and Libraries: the Revised Report},
  journal = 	 {Journal of Functional Programming},
  year = 	 2003,
  volume =	 13,
  number =	 1,
  URL =          "http://haskell.org/definition/",
}

@InProceedings{boehm:finalizers,
  author = 	 {{Hans-J.} Boehm},
  title = 	 {Destructors, Finalizers, and Synchronization},
  booktitle = 	 {Proceedings of the 30th {ACM} {SIGPLAN}-{SIGACT} Symposium 
		  on Principles of Programming Languages},
  pages =	 {262--272},
  year =	 2003,
  publisher =	 {ACM Press}
}

@Book{C,
  author = 	 "Brian W. Kernighan and Dennis M. Ritchie",
  title = 	 "The C Programming Language",
  publisher = 	 "Prentice Hall",
  edition   =    "second",
  year = 	 1988
}

@Book{gosling-etal:Java,
  author = 	 "James Gosling and Bill Joy and Guy Steele",
  title = 	 "The {Java} Language Specification",
  publisher = 	 "Addison-Wesley",
  year = 	 1997,
  series =	 "The Java Series"
}

@Book{lindholm-etal:JVM,
  author =	 {Tim Lindholm and Frank Yellin},
  title = 	 {The {Java} Virtual Machine Specification},
  publisher = 	 {Addison-Wesley},
  year = 	 1996
}

@Book{liang:JNI,
  author =	 {Sheng Liang},
  title = 	 {The Java Native Interface: Programmer's Guide and 
		 Specification},
  publisher = 	 {Addison Wesley},
  year = 	 1999
}

@Misc{C99,
  author =	 {International Standard {ISO/IEC}},
  title =	 {Programming Languages -- {C}},
  note =	 {9899:1999 (E)}
}

                  

@Misc{unicode,
  author =    {Unicode Consortium},
  title =     {Unicode Standard},
  note =      {\url{http://unicode.org/standard/standard.html}}}

@inproceedings{damas-milner82,
Author = "Luis Damas and Robin Milner",
Title = "Principal Type-Schemes for Functional Programs",
Publisher = "ACM Press",address="New York",
BookTitle = {Conference Record of the 9th Annual ACM Symposium on Principles of Programming Languages},
Pages =  "207-12",
Year = 1982,
keywords = "Main cite for Damas-Milner type inference"
}

@article{jones:cclasses,
   author = {MP Jones},
   title = {A system of constructor classes: overloading and implicit higher-order polymorphism},
   journal = {Journal of Functional Programming},
   volume = {5},
   number = {1},
   pages = {1-36},
   month = jan,
   year = {1995},
   keywords = {Haskell}
}

