@article{Goel:2020yxl,
    author = "Goel, Akash and Iliesiu, Luca V. and Kruthoff, Jorrit and Yang, Zhenbin",
    title = "{Classifying boundary conditions in JT gravity: from energy-branes to $\alpha$-branes}",
    eprint = "2010.12592",
    archivePrefix = "arXiv",
    primaryClass = "hep-th",
    month = "10",
    year = "2020"
}

@article{Dong:2016hjy,
    author = "Dong, Xi and Lewkowycz, Aitor and Rangamani, Mukund",
    title = "{Deriving covariant holographic entanglement}",
    eprint = "1607.07506",
    archivePrefix = "arXiv",
    primaryClass = "hep-th",
    doi = "10.1007/JHEP11(2016)028",
    journal = "JHEP",
    volume = "11",
    pages = "028",
    year = "2016"
} 

@article{Casini:2005rm,
    author = "Casini, H. and Fosco, C.D. and Huerta, M.",
    title = "{Entanglement and alpha entropies for a massive Dirac field in two dimensions}",
    eprint = "cond-mat/0505563",
    archivePrefix = "arXiv",
    doi = "10.1088/1742-5468/2005/07/P07007",
    journal = "J. Stat. Mech.",
    volume = "0507",
    pages = "P07007",
    year = "2005"
}

@article{Penington:2019kki,
      author         = "Penington, Geoff and Shenker, Stephen H. and Stanford,
                        Douglas and Yang, Zhenbin",
      title          = "{Replica wormholes and the black hole interior}",
      year           = "2019",
      eprint         = "1911.11977",
      archivePrefix  = "arXiv",
      primaryClass   = "hep-th",
      SLACcitation   = "%%CITATION = ARXIV:1911.11977;%%"
}

@article{Akers:2020pmf,
    author = "Akers, Chris and Penington, Geoff",
    title = "{Leading order corrections to the quantum extremal surface prescription}",
    eprint = "2008.03319",
    archivePrefix = "arXiv",
    primaryClass = "hep-th",
    month = "8",
    year = "2020"
}

@article{Giddings:1988cx,
      author         = "Giddings, Steven B. and Strominger, Andrew",
      title          = "{Loss of Incoherence and Determination of Coupling
                        Constants in Quantum Gravity}",
      journal        = "Nucl. Phys.",
      volume         = "B307",
      year           = "1988",
      pages          = "854-866",
      doi            = "10.1016/0550-3213(88)90109-5",
      reportNumber   = "HUTP-88/A006",
      SLACcitation   = "%%CITATION = NUPHA,B307,854;%%"
}

@article{Almheiri:2019hni,
    author = "Almheiri, Ahmed and Mahajan, Raghu and Maldacena, Juan and Zhao, Ying",
    title = "{The Page curve of Hawking radiation from semiclassical geometry}",
    eprint = "1908.10996",
    archivePrefix = "arXiv",
    primaryClass = "hep-th",
    doi = "10.1007/JHEP03(2020)149",
    journal = "JHEP",
    volume = "03",
    pages = "149",
    year = "2020"
}

@article{Almheiri:2019yqk,
    author = "Almheiri, Ahmed and Mahajan, Raghu and Maldacena, Juan",
    title = "{Islands outside the horizon}",
    eprint = "1910.11077",
    archivePrefix = "arXiv",
    primaryClass = "hep-th",
    month = "10",
    year = "2019"
}

@article{Hartman:2020swn,
    author = "Hartman, Thomas and Shaghoulian, Edgar and Strominger, Andrew",
    title = "{Islands in Asymptotically Flat 2D Gravity}",
    eprint = "2004.13857",
    archivePrefix = "arXiv",
    primaryClass = "hep-th",
    doi = "10.1007/JHEP07(2020)022",
    journal = "JHEP",
    volume = "07",
    pages = "022",
    year = "2020"
}

@article{Hartman:2020khs,
    author = "Hartman, Thomas and Jiang, Yikun and Shaghoulian, Edgar",
    title = "{Islands in cosmology}",
    eprint = "2008.01022",
    archivePrefix = "arXiv",
    primaryClass = "hep-th",
    month = "8",
    year = "2020"
}

@article{Chen:2020tes,
    author = "Chen, Yiming and Gorbenko, Victor and Maldacena, Juan",
    title = "{Bra-ket wormholes in gravitationally prepared states}",
    eprint = "2007.16091",
    archivePrefix = "arXiv",
    primaryClass = "hep-th",
    month = "7",
    year = "2020"
}

@article{Chen:2020uac,
    author = "Chen, Hong Zhe and Myers, Robert C. and Neuenfeld, Dominik and Reyes, Ignacio A. and Sandor, Joshua",
    title = "{Quantum Extremal Islands Made Easy, Part I: Entanglement on the Brane}",
    eprint = "2006.04851",
    archivePrefix = "arXiv",
    primaryClass = "hep-th",
    month = "6",
    year = "2020"
}

@article{Chen:2020jvn,
    author = "Chen, Hong Zhe and Fisher, Zachary and Hernandez, Juan and Myers, Robert C. and Ruan, Shan-Ming",
    title = "{Evaporating Black Holes Coupled to a Thermal Bath}",
    eprint = "2007.11658",
    archivePrefix = "arXiv",
    primaryClass = "hep-th",
    month = "7",
    year = "2020"
}

@article{Chen:2020hmv,
    author = "Chen, Hong Zhe and Myers, Robert C. and Neuenfeld, Dominik and Reyes, Ignacio A. and Sandor, Joshua",
    title = "{Quantum Extremal Islands Made Easy, Part II: Black Holes on the Brane}",
    eprint = "2010.00018",
    archivePrefix = "arXiv",
    primaryClass = "hep-th",
    month = "9",
    year = "2020"
}

@article{Balasubramanian:2020xqf,
    author = "Balasubramanian, Vijay and Kar, Arjun and Ugajin, Tomonori",
    title = "{Islands in de Sitter space}",
    eprint = "2008.05275",
    archivePrefix = "arXiv",
    primaryClass = "hep-th",
    month = "8",
    year = "2020"
}

@article{Hollowood:2020kvk,
    author = "Hollowood, Timothy J. and Prem Kumar, S. and Legramandi, Andrea",
    title = "{Hawking Radiation Correlations of Evaporating Black Holes in JT Gravity}",
    eprint = "2007.04877",
    archivePrefix = "arXiv",
    primaryClass = "hep-th",
    month = "7",
    year = "2020"
}

@article{Geng:2020qvw,
    author = "Geng, Hao and Karch, Andreas",
    title = "{Massive islands}",
    eprint = "2006.02438",
    archivePrefix = "arXiv",
    primaryClass = "hep-th",
    doi = "10.1007/JHEP09(2020)121",
    journal = "JHEP",
    volume = "09",
    pages = "121",
    year = "2020"
}

@article{Hollowood:2020cou,
    author = "Hollowood, Timothy J. and Kumar, S. Prem",
    title = "{Islands and Page Curves for Evaporating Black Holes in JT Gravity}",
    eprint = "2004.14944",
    archivePrefix = "arXiv",
    primaryClass = "hep-th",
    doi = "10.1007/JHEP08(2020)094",
    journal = "JHEP",
    volume = "08",
    pages = "094",
    year = "2020"
}
@article{Hashimoto:2020cas,
    author = "Hashimoto, Koji and Iizuka, Norihiro and Matsuo, Yoshinori",
    title = "{Islands in Schwarzschild black holes}",
    eprint = "2004.05863",
    archivePrefix = "arXiv",
    primaryClass = "hep-th",
    reportNumber = "OU-HET-1053",
    doi = "10.1007/JHEP06(2020)085",
    journal = "JHEP",
    volume = "06",
    pages = "085",
    year = "2020"
}

@article{Anegawa:2020ezn,
    author = "Anegawa, Takanori and Iizuka, Norihiro",
    title = "{Notes on islands in asymptotically flat 2d dilaton black holes}",
    eprint = "2004.01601",
    archivePrefix = "arXiv",
    primaryClass = "hep-th",
    reportNumber = "OU-HET-1051",
    doi = "10.1007/JHEP07(2020)036",
    journal = "JHEP",
    volume = "07",
    pages = "036",
    year = "2020"
}

@article{Gautason:2020tmk,
    author = "Gautason, Fri\dh{}rik Freyr and Schneiderbauer, Lukas and Sybesma, Watse and Thorlacius, L\'arus",
    title = "{Page Curve for an Evaporating Black Hole}",
    eprint = "2004.00598",
    archivePrefix = "arXiv",
    primaryClass = "hep-th",
    doi = "10.1007/JHEP05(2020)091",
    journal = "JHEP",
    volume = "05",
    pages = "091",
    year = "2020"
}

@article{Mumford,
      author         = "Sharon, E. and Mumford, D.",
      title          = "{2D-Shape Analysis Using Conformal Mapping}",
      journal        = "International Journal of Computer Vision",
      volume         = "70",
      year           = "2006",
      number         = "1",
      pages          = "55",
      doi            = "10.1007/s11263-006-6121-z",
}

@article{Alishahiha:2020qza,
    author = "Alishahiha, Mohsen and Faraji Astaneh, Amin and Naseh, Ali",
    title = "{Island in the Presence of Higher Derivative Terms}",
    eprint = "2005.08715",
    archivePrefix = "arXiv",
    primaryClass = "hep-th",
    month = "5",
    year = "2020"
}


@article{Jafferis:2015del,
      author         = "Jafferis, Daniel L. and Lewkowycz, Aitor and Maldacena,
                        Juan and Suh, S. Josephine",
      title          = "{Relative entropy equals bulk relative entropy}",
      journal        = "JHEP",
      volume         = "06",
      year           = "2016",
      pages          = "004",
      doi            = "10.1007/JHEP06(2016)004",
      eprint         = "1512.06431",
      archivePrefix  = "arXiv",
      primaryClass   = "hep-th",
      reportNumber   = "NSF-KITP-15-162",
      SLACcitation   = "%%CITATION = ARXIV:1512.06431;%%"
}


@misc{hayden2017approximate,
    title={Approximate Quantum Error Correction Revisited: Introducing the Alpha-bit},
    author={Patrick Hayden and Geoffrey Penington},
    year={2017},
    eprint={1706.09434},
    archivePrefix={arXiv},
    primaryClass={quant-ph}
}

@article{Hayden:2018khn,
      author         = "Hayden, Patrick and Penington, Geoffrey",
      title          = "{Learning the Alpha-bits of Black Holes}",
      year           = "2018",
      eprint         = "1807.06041",
      archivePrefix  = "arXiv",
      primaryClass   = "hep-th",
      SLACcitation   = "%%CITATION = ARXIV:1807.06041;%%"
}
 
 @article{Dong:2016eik,
      author         = "Dong, Xi and Harlow, Daniel and Wall, Aron C.",
      title          = "{Reconstruction of Bulk Operators within the Entanglement
                        Wedge in Gauge-Gravity Duality}",
      journal        = "Phys. Rev. Lett.",
      volume         = "117",
      year           = "2016",
      number         = "2",
      pages          = "021601",
      doi            = "10.1103/PhysRevLett.117.021601",
      eprint         = "1601.05416",
      archivePrefix  = "arXiv",
      primaryClass   = "hep-th",
      reportNumber   = "NSF-KITP-16-005",
      SLACcitation   = "%%CITATION = ARXIV:1601.05416;%%"
}
 
 
 
@article{Jafferis:2019wkd,
      author         = "Jafferis, Daniel Louis and Kolchmeyer, David K.",
      title          = "{Entanglement Entropy in Jackiw-Teitelboim Gravity}",
      year           = "2019",
      eprint         = "1911.10663",
      archivePrefix  = "arXiv",
      primaryClass   = "hep-th",
      SLACcitation   = "%%CITATION = ARXIV:1911.10663;%%"
}
 
@article{Almheiri:2019psy,
      author         = "Almheiri, Ahmed and Mahajan, Raghu and Santos, Jorge E.",
      title          = "{Entanglement islands in higher dimensions}",
      year           = "2019",
      eprint         = "1911.09666",
      archivePrefix  = "arXiv",
      primaryClass   = "hep-th",
      SLACcitation   = "%%CITATION = ARXIV:1911.09666;%%"
}

%%% contains utf-8, see: http://inspirehep.net/info/faq/general#utf8
%%% add \usepackage[utf8]{inputenc} to your latex preamble

  
@article{Bousso:2019ykv,
      author         = "Bousso, Raphael and Tomasevic, Marija",
      title          = "{Unitarity From a Smooth Horizon?}",
      year           = "2019",
      eprint         = "1911.06305",
      archivePrefix  = "arXiv",
      primaryClass   = "hep-th",
      SLACcitation   = "%%CITATION = ARXIV:1911.06305;%%"
}
@article{Chen:2019uhq,
      author         = "Chen, Hong Zhe and Fisher, Zachary and Hernandez, Juan
                        and Myers, Robert C. and Ruan, Shan-Ming",
      title          = "{Information Flow in Black Hole Evaporation}",
      year           = "2019",
      eprint         = "1911.03402",
      archivePrefix  = "arXiv",
      primaryClass   = "hep-th",
      SLACcitation   = "%%CITATION = ARXIV:1911.03402;%%"
}
@article{Rozali:2019day,
      author         = "Rozali, Moshe and Sully, James and Van Raamsdonk, Mark
                        and Waddell, Christopher and Wakeham, David",
      title          = "{Information radiation in BCFT models of black holes}",
      year           = "2019",
      eprint         = "1910.12836",
      archivePrefix  = "arXiv",
      primaryClass   = "hep-th",
      SLACcitation   = "%%CITATION = ARXIV:1910.12836;%%"
}
 
@article{Akers:2019nfi,
      author         = "Akers, Chris and Engelhardt, Netta and Harlow, Daniel",
      title          = "{Simple holographic models of black hole evaporation}",
      year           = "2019",
      eprint         = "1910.00972",
      archivePrefix  = "arXiv",
      primaryClass   = "hep-th",
      SLACcitation   = "%%CITATION = ARXIV:1910.00972;%%"
}
@article{Zhang:2019fcy,
      author         = "Zhang, Pengfei",
      title          = "{Evaporation dynamics of the Sachdev-Ye-Kitaev model}",
      year           = "2019",
      eprint         = "1909.10637",
      archivePrefix  = "arXiv",
      primaryClass   = "cond-mat.str-el",
      SLACcitation   = "%%CITATION = ARXIV:1909.10637;%%"
}
@article{Fu:2019oyc,
      author         = "Fu, Zicao and Marolf, Donald",
      title          = "{Bag-of-gold spacetimes, Euclidean wormholes, and
                        inflation from domain walls in AdS/CFT}",
      journal        = "JHEP",
      volume         = "11",
      year           = "2019",
      pages          = "040",
      doi            = "10.1007/JHEP11(2019)040",
      eprint         = "1909.02505",
      archivePrefix  = "arXiv",
      primaryClass   = "hep-th",
      SLACcitation   = "%%CITATION = ARXIV:1909.02505;%%"
}
 
@article{Moitra:2019xoj,
      author         = "Moitra, Upamanyu and Sake, Sunil Kumar and Trivedi,
                        Sandip P. and Vishal, V.",
      title          = "{Jackiw-Teitelboim Model Coupled to Conformal Matter in
                        the Semi-Classical Limit}",
      year           = "2019",
      eprint         = "1908.08523",
      archivePrefix  = "arXiv",
      primaryClass   = "hep-th",
      reportNumber   = "TIFR/TH/19-27",
      SLACcitation   = "%%CITATION = ARXIV:1908.08523;%%"
}
  

@article{Blommaert:2019wfy,
      author         = "Blommaert, Andreas and Mertens, Thomas G. and Verschelde,
                        Henri",
      title          = "{Eigenbranes in Jackiw-Teitelboim gravity}",
      year           = "2019",
      eprint         = "1911.11603",
      archivePrefix  = "arXiv",
      primaryClass   = "hep-th",
      SLACcitation   = "%%CITATION = ARXIV:1911.11603;%%"
}


@article{Akers:2019wxj,
      author         = "Akers, Chris and Levine, Adam and Leichenauer, Stefan",
      title          = "{Large Breakdowns of Entanglement Wedge Reconstruction}",
      year           = "2019",
      eprint         = "1908.03975",
      archivePrefix  = "arXiv",
      primaryClass   = "hep-th",
      SLACcitation   = "%%CITATION = ARXIV:1908.03975;%%"
}
 
@article{Mertens:2019bvy,
      author         = "Mertens, Thomas G.",
      title          = "{Towards Black Hole Evaporation in Jackiw-Teitelboim
                        Gravity}",
      journal        = "JHEP",
      volume         = "07",
      year           = "2019",
      pages          = "097",
      doi            = "10.1007/JHEP07(2019)097",
      eprint         = "1903.10485",
      archivePrefix  = "arXiv",
      primaryClass   = "hep-th",
      SLACcitation   = "%%CITATION = ARXIV:1903.10485;%%"
}


@article{Saad:2018bqo,
      author         = "Saad, Phil and Shenker, Stephen H. and Stanford, Douglas",
      title          = "{A semiclassical ramp in SYK and in gravity}",
      year           = "2018",
      eprint         = "1806.06840",
      archivePrefix  = "arXiv",
      primaryClass   = "hep-th",
      SLACcitation   = "%%CITATION = ARXIV:1806.06840;%%"
}

@article{Calabrese:2004eu,
      author         = "Calabrese, Pasquale and Cardy, John L.",
      title          = "{Entanglement entropy and quantum field theory}",
      journal        = "J. Stat. Mech.",
      volume         = "0406",
      year           = "2004",
      pages          = "P06002",
      doi            = "10.1088/1742-5468/2004/06/P06002",
      eprint         = "hep-th/0405152",
      archivePrefix  = "arXiv",
      primaryClass   = "hep-th",
      SLACcitation   = "%%CITATION = HEP-TH/0405152;%%"
      }
      
@article{Engelhardt:2020qpv,
    author = "Engelhardt, Netta and Fischetti, Sebastian and Maloney, Alexander",
    title = "{Free Energy from Replica Wormholes}",
    eprint = "2007.07444",
    archivePrefix = "arXiv",
    primaryClass = "hep-th",
    month = "7",
    year = "2020"
}      

@article{Stanford:2020wkf,
    author = "Stanford, Douglas",
    title = "{More quantum noise from wormholes}",
    eprint = "2008.08570",
    archivePrefix = "arXiv",
    primaryClass = "hep-th",
    month = "8",
    year = "2020"
}


@article{Almheiri:2019psy,
    author = "Almheiri, Ahmed and Mahajan, Raghu and Santos, Jorge E.",
    title = "{Entanglement islands in higher dimensions}",
    eprint = "1911.09666",
    archivePrefix = "arXiv",
    primaryClass = "hep-th",
    doi = "10.21468/SciPostPhys.9.1.001",
    journal = "SciPost Phys.",
    volume = "9",
    number = "1",
    pages = "001",
    year = "2020"
}


@article{Engelsoy:2016xyb,
      author         = "Engelsoy, Julius and Mertens, Thomas G. and Verlinde,
                        Herman",
      title          = "{An investigation of AdS$_{2}$ backreaction and
                        holography}",
      journal        = "JHEP",
      volume         = "07",
      year           = "2016",
      pages          = "139",
      doi            = "10.1007/JHEP07(2016)139",
      eprint         = "1606.03438",
      archivePrefix  = "arXiv",
      primaryClass   = "hep-th",
      SLACcitation   = "%%CITATION = ARXIV:1606.03438;%%"
}


@article{Fiola:1994ir,
    author = "Fiola, Thomas M. and Preskill, John and Strominger, Andrew and Trivedi, Sandip P.",
    title = "{Black hole thermodynamics and information loss in two-dimensions}",
    eprint = "hep-th/9403137",
    archivePrefix = "arXiv",
    reportNumber = "CALT-68-1918",
    doi = "10.1103/PhysRevD.50.3987",
    journal = "Phys. Rev. D",
    volume = "50",
    pages = "3987--4014",
    year = "1994"
}

@article{He:2014mwa,
    author = "He, Song and Numasawa, Tokiro and Takayanagi, Tadashi and Watanabe, Kento",
    title = "{Quantum dimension as entanglement entropy in two dimensional conformal field theories}",
    eprint = "1403.0702",
    archivePrefix = "arXiv",
    primaryClass = "hep-th",
    doi = "10.1103/PhysRevD.90.041701",
    journal = "Phys. Rev. D",
    volume = "90",
    number = "4",
    pages = "041701",
    year = "2014"
}

@article{Mertens:2019bvy,
      author         = "Mertens, Thomas G.",
      title          = "{Towards Black Hole Evaporation in Jackiw-Teitelboim
                        Gravity}",
      journal        = "JHEP",
      volume         = "07",
      year           = "2019",
      pages          = "097",
      doi            = "10.1007/JHEP07(2019)097",
      eprint         = "1903.10485",
      archivePrefix  = "arXiv",
      primaryClass   = "hep-th",
      SLACcitation   = "%%CITATION = ARXIV:1903.10485;%%"
}

@article{Mathur:2014dia,
      author         = "Mathur, Samir D.",
      title          = "{What is the dual of two entangled CFTs?}",
      year           = "2014",
      eprint         = "1402.6378",
      archivePrefix  = "arXiv",
      primaryClass   = "hep-th",
      SLACcitation   = "%%CITATION = ARXIV:1402.6378;%%"
}

@article{Almheiri:2019psf,
      author         = "Almheiri, Ahmed and Engelhardt, Netta and Marolf, Donald
                        and Maxfield, Henry",
      title          = "{The entropy of bulk quantum fields and the entanglement
                        wedge of an evaporating black hole}",
      year           = "2019",
      eprint         = "1905.08762",
      archivePrefix  = "arXiv",
      primaryClass   = "hep-th",
      SLACcitation   = "%%CITATION = ARXIV:1905.08762;%%"
}


@article{Rocha:2008fe,
      author         = "Rocha, Jorge V.",
      title          = "{Evaporation of large black holes in AdS: Coupling to the
                        evaporon}",
      journal        = "JHEP",
      volume         = "08",
      year           = "2008",
      pages          = "075",
      doi            = "10.1088/1126-6708/2008/08/075",
      eprint         = "0804.0055",
      archivePrefix  = "arXiv",
      primaryClass   = "hep-th",
      SLACcitation   = "%%CITATION = ARXIV:0804.0055;%%"
}

@article{Penington:2019npb,
      author         = "Penington, Geoffrey",
      title          = "{Entanglement Wedge Reconstruction and the Information
                        Paradox}",
      year           = "2019",
      eprint         = "1905.08255",
      archivePrefix  = "arXiv",
      primaryClass   = "hep-th",
      SLACcitation   = "%%CITATION = ARXIV:1905.08255;%%"
}

@article{Saad:2019lba,
      author         = "Saad, Phil and Shenker, Stephen H. and Stanford, Douglas",
      title          = "{JT gravity as a matrix integral}",
      year           = "2019",
      eprint         = "1903.11115",
      archivePrefix  = "arXiv",
      primaryClass   = "hep-th",
      SLACcitation   = "%%CITATION = ARXIV:1903.11115;%%"
}

@article{Saad:2019pqd,
      author         = "Saad, Phil",
      title          = "{Late Time Correlation Functions, Baby Universes, and ETH
                        in JT Gravity}",
      year           = "2019",
      eprint         = "1910.10311",
      archivePrefix  = "arXiv",
      primaryClass   = "hep-th",
      SLACcitation   = "%%CITATION = ARXIV:1910.10311;%%"
}

@article{Casini:2009sr,
      author         = "Casini, H. and Huerta, M.",
      title          = "{Entanglement entropy in free quantum field theory}",
      journal        = "J. Phys.",
      volume         = "A42",
      year           = "2009",
      pages          = "504007",
      doi            = "10.1088/1751-8113/42/50/504007",
      eprint         = "0905.2562",
      archivePrefix  = "arXiv",
      primaryClass   = "hep-th",
      SLACcitation   = "%%CITATION = ARXIV:0905.2562;%%"
}

@article{Callan:1994py,
      author         = "Callan, Jr., Curtis G. and Wilczek, Frank",
      title          = "{On geometric entropy}",
      journal        = "Phys. Lett.",
      volume         = "B333",
      year           = "1994",
      pages          = "55-61",
      doi            = "10.1016/0370-2693(94)91007-3",
      eprint         = "hep-th/9401072",
      archivePrefix  = "arXiv",
      primaryClass   = "hep-th",
      reportNumber   = "IASSNS-HEP-93-87",
      SLACcitation   = "%%CITATION = HEP-TH/9401072;%%"
}

@article{Maldacena:2018gjk,
      author         = "Maldacena, Juan and Milekhin, Alexey and Popov, Fedor",
      title          = "{Traversable wormholes in four dimensions}",
      year           = "2018",
      eprint         = "1807.04726",
      archivePrefix  = "arXiv",
      primaryClass   = "hep-th",
      SLACcitation   = "%%CITATION = ARXIV:1807.04726;%%"
}
@article{Page:1993wv,
      author         = "Page, Don N.",
      title          = "{Information in black hole radiation}",
      journal        = "Phys. Rev. Lett.",
      volume         = "71",
      year           = "1993",
      pages          = "3743-3746",
      doi            = "10.1103/PhysRevLett.71.3743",
      eprint         = "hep-th/9306083",
      archivePrefix  = "arXiv",
      primaryClass   = "hep-th",
      reportNumber   = "ALBERTA-THY-24-93",
      SLACcitation   = "%%CITATION = HEP-TH/9306083;%%"
}

@article{Page:2013dx,
      author         = "Page, Don N.",
      title          = "{Time Dependence of Hawking Radiation Entropy}",
      journal        = "JCAP",
      volume         = "1309",
      year           = "2013",
      pages          = "028",
      doi            = "10.1088/1475-7516/2013/09/028",
      eprint         = "1301.4995",
      archivePrefix  = "arXiv",
      primaryClass   = "hep-th",
      SLACcitation   = "%%CITATION = ARXIV:1301.4995;%%"
}

@article{Strominger:1996sh,
      author         = "Strominger, Andrew and Vafa, Cumrun",
      title          = "{Microscopic origin of the Bekenstein-Hawking entropy}",
      journal        = "Phys. Lett.",
      volume         = "B379",
      year           = "1996",
      pages          = "99-104",
      doi            = "10.1016/0370-2693(96)00345-0",
      eprint         = "hep-th/9601029",
      archivePrefix  = "arXiv",
      primaryClass   = "hep-th",
      reportNumber   = "HUTP-96-A002, RU-96-01",
      SLACcitation   = "%%CITATION = HEP-TH/9601029;%%"
}
@article{Hubeny:2007xt,
      author         = "Hubeny, Veronika E. and Rangamani, Mukund and Takayanagi,
                        Tadashi",
      title          = "{A Covariant holographic entanglement entropy proposal}",
      journal        = "JHEP",
      volume         = "07",
      year           = "2007",
      pages          = "062",
      doi            = "10.1088/1126-6708/2007/07/062",
      eprint         = "0705.0016",
      archivePrefix  = "arXiv",
      primaryClass   = "hep-th",
      reportNumber   = "DCPT-07-13, KUNS-2069",
      SLACcitation   = "%%CITATION = ARXIV:0705.0016;%%"
}

@article{Dong:2013qoa,
      author         = "Dong, Xi",
      title          = "{Holographic Entanglement Entropy for General Higher
                        Derivative Gravity}",
      journal        = "JHEP",
      volume         = "01",
      year           = "2014",
      pages          = "044",
      doi            = "10.1007/JHEP01(2014)044",
      eprint         = "1310.5713",
      archivePrefix  = "arXiv",
      primaryClass   = "hep-th",
      reportNumber   = "SU-ITP-13-21",
      SLACcitation   = "%%CITATION = ARXIV:1310.5713;%%"
}


@article{Ryu:2006bv,
      author         = "Ryu, Shinsei and Takayanagi, Tadashi",
      title          = "{Holographic derivation of entanglement entropy from
                        AdS/CFT}",
      journal        = "Phys. Rev. Lett.",
      volume         = "96",
      year           = "2006",
      pages          = "181602",
      doi            = "10.1103/PhysRevLett.96.181602",
      eprint         = "hep-th/0603001",
      archivePrefix  = "arXiv",
      primaryClass   = "hep-th",
      reportNumber   = "NSF-KITP-06-11",
      SLACcitation   = "%%CITATION = HEP-TH/0603001;%%"
}

@article{Engelhardt:2014gca,
      author         = "Engelhardt, Netta and Wall, Aron C.",
      title          = "{Quantum Extremal Surfaces: Holographic Entanglement
                        Entropy beyond the Classical Regime}",
      journal        = "JHEP",
      volume         = "01",
      year           = "2015",
      pages          = "073",
      doi            = "10.1007/JHEP01(2015)073",
      eprint         = "1408.3203",
      archivePrefix  = "arXiv",
      primaryClass   = "hep-th",
      SLACcitation   = "%%CITATION = ARXIV:1408.3203;%%"
}

@article{Dong:2017xht,
      author         = "Dong, Xi and Lewkowycz, Aitor",
      title          = "{Entropy, Extremality, Euclidean Variations, and the
                        Equations of Motion}",
      journal        = "JHEP",
      volume         = "01",
      year           = "2018",
      pages          = "081",
      doi            = "10.1007/JHEP01(2018)081",
      eprint         = "1705.08453",
      archivePrefix  = "arXiv",
      primaryClass   = "hep-th",
      SLACcitation   = "%%CITATION = ARXIV:1705.08453;%%"
}

@article{Faulkner:2013ana,
      author         = "Faulkner, Thomas and Lewkowycz, Aitor and Maldacena,
                        Juan",
      title          = "{Quantum corrections to holographic entanglement
                        entropy}",
      journal        = "JHEP",
      volume         = "11",
      year           = "2013",
      pages          = "074",
      doi            = "10.1007/JHEP11(2013)074",
      eprint         = "1307.2892",
      archivePrefix  = "arXiv",
      primaryClass   = "hep-th",
      SLACcitation   = "%%CITATION = ARXIV:1307.2892;%%"
}
@article{Lewkowycz:2013nqa,
      author         = "Lewkowycz, Aitor and Maldacena, Juan",
      title          = "{Generalized gravitational entropy}",
      journal        = "JHEP",
      volume         = "08",
      year           = "2013",
      pages          = "090",
      doi            = "10.1007/JHEP08(2013)090",
      eprint         = "1304.4926",
      archivePrefix  = "arXiv",
      primaryClass   = "hep-th",
      SLACcitation   = "%%CITATION = ARXIV:1304.4926;%%"
}

@article{Mirbabayi:2020fyk,
    author = "Mirbabayi, Mehrdad",
    title = "{A 2-Replica Wormhole}",
    eprint = "2008.09626",
    archivePrefix = "arXiv",
    primaryClass = "hep-th",
    month = "8",
    year = "2020"
}

@article{Asplund:2014coa,
    author = "Asplund, Curtis T. and Bernamonti, Alice and Galli, Federico and Hartman, Thomas",
    title = "{Holographic Entanglement Entropy from 2d CFT: Heavy States and Local Quenches}",
    eprint = "1410.1392",
    archivePrefix = "arXiv",
    primaryClass = "hep-th",
    doi = "10.1007/JHEP02(2015)171",
    journal = "JHEP",
    volume = "02",
    pages = "171",
    year = "2015"
}

@article{Hartman:2013mia,
    author = "Hartman, Thomas",
    title = "{Entanglement Entropy at Large Central Charge}",
    eprint = "1303.6955",
    archivePrefix = "arXiv",
    primaryClass = "hep-th",
    month = "3",
    year = "2013"
}

@article{Fitzpatrick:2014vua,
    author = "Fitzpatrick, A.Liam and Kaplan, Jared and Walters, Matthew T.",
    title = "{Universality of Long-Distance AdS Physics from the CFT Bootstrap}",
    eprint = "1403.6829",
    archivePrefix = "arXiv",
    primaryClass = "hep-th",
    doi = "10.1007/JHEP08(2014)145",
    journal = "JHEP",
    volume = "08",
    pages = "145",
    year = "2014"
}

@article{Kusuki:2018wpa,
    author = "Kusuki, Yuya",
    title = "{Light Cone Bootstrap in General 2D CFTs and Entanglement from Light Cone Singularity}",
    eprint = "1810.01335",
    archivePrefix = "arXiv",
    primaryClass = "hep-th",
    reportNumber = "YITP-18-106",
    doi = "10.1007/JHEP01(2019)025",
    journal = "JHEP",
    volume = "01",
    pages = "025",
    year = "2019"
}
% Electroweak magnetism

@article{KIRILLOV1998735,
title = "Geometric approach to discrete series of unirreps for Vir.",
journal = "Journal de Mathématiques Pures et Appliquées",
volume = "77",
number = "8",
pages = "735 - 746",
year = "1998",
issn = "0021-7824",
doi = "https://doi.org/10.1016/S0021-7824(98)80007-X",
url = "http://www.sciencedirect.com/science/article/pii/S002178249880007X",
author = "A.A. Kirillov",
abstract = "We want to realize the discrete series of unirreps for the Virasoro-Bott group Vir (= the central extension of Diff+(S1)) in the space of holomorphic functions on the infinite dimensional Kähler manifold M = Diff+(S1)/S1. The explicit formulae are given for the action of Vir in the space of polynomial functions in the natural complex coordinates on M.
Résumé
Nous voulons réaliser la série discrète d'unirreps (= représentations unitarires irréductibles) pour le groupe de Virasoro-Bott Vir (l'extension centrale de Diff+(S1)) dans l'espace des fonctions holomorphes sur la variété kählerienne de dimension infinie M = Diff+(S1)/S1. Les formules explicites sont données pour l'action de Vir dans l'espace des fonctions polynômiales dans les coordonnées naturelles complexes sur M."
}


@inproceedings{Ambjorn:1992ca,
      author         = "Ambjorn, Jan and Olesen, P.",
      title          = "{Electroweak magnetism, W condensation and
                        antiscreening}",
      booktitle      = "{Elementary particle physics. Proceedings, 4th Hellenic
                        School, Corfu, Greece, September 2-20, 1992. 1\&2}",
      year           = "1992",
      pages          = "396-406",
      eprint         = "hep-ph/9304220",
      archivePrefix  = "arXiv",
      primaryClass   = "hep-ph",
      reportNumber   = "NBI-HE-93-17",
      SLACcitation   = "%%CITATION = HEP-PH/9304220;%%"
}

@article{Randall:1999vf,
      author         = "Randall, Lisa and Sundrum, Raman",
      title          = "{An Alternative to compactification}",
      journal        = "Phys. Rev. Lett.",
      volume         = "83",
      year           = "1999",
      pages          = "4690-4693",
      doi            = "10.1103/PhysRevLett.83.4690",
      eprint         = "hep-th/9906064",
      archivePrefix  = "arXiv",
      primaryClass   = "hep-th",
      reportNumber   = "MIT-CTP-2874, PUPT-1867, BUHEP-99-13",
      SLACcitation   = "%%CITATION = HEP-TH/9906064;%%"
}


@article{Dvali:2007hz,
      author         = "Dvali, Gia",
      title          = "{Black Holes and Large N Species Solution to the
                        Hierarchy Problem}",
      journal        = "Fortsch. Phys.",
      volume         = "58",
      year           = "2010",
      pages          = "528-536",
      doi            = "10.1002/prop.201000009",
      eprint         = "0706.2050",
      archivePrefix  = "arXiv",
      primaryClass   = "hep-th",
      SLACcitation   = "%%CITATION = ARXIV:0706.2050;%%"
}

@article{Michelson:1999kn,
      author         = "Michelson, Jeremy and Spradlin, Marcus",
      title          = "{Supergravity spectrum on AdS(2) x S**2}",
      journal        = "JHEP",
      volume         = "09",
      year           = "1999",
      pages          = "029",
      doi            = "10.1088/1126-6708/1999/09/029",
      eprint         = "hep-th/9906056",
      archivePrefix  = "arXiv",
      primaryClass   = "hep-th",
      reportNumber   = "HUTP-99-A031",
      SLACcitation   = "%%CITATION = HEP-TH/9906056;%%"
}

@article{Fu:2018oaq,
      author         = "Fu, Zicao and Grado-White, Brianna and Marolf, Donald",
      title          = "{Toward self-supporting wormholes}",
      year           = "2018",
      eprint         = "1807.07917",
      archivePrefix  = "arXiv",
      primaryClass   = "hep-th",
      SLACcitation   = "%%CITATION = ARXIV:1807.07917;%%"
}

@article{Graham:2007va,
      author         = "Graham, Noah and Olum, Ken D.",
      title          = "{Achronal averaged null energy condition}",
      journal        = "Phys. Rev.",
      volume         = "D76",
      year           = "2007",
      pages          = "064001",
      doi            = "10.1103/PhysRevD.76.064001",
      eprint         = "0705.3193",
      archivePrefix  = "arXiv",
      primaryClass   = "gr-qc",
      SLACcitation   = "%%CITATION = ARXIV:0705.3193;%%"
}

@article{Brambilla:2017ffe,
      author         = "Brambilla, Nora and Shtabovenko, Vladyslav and Tarrus
                        Castella, Jaume and Vairo, Antonio",
      title          = "{Effective field theories for van der Waals
                        interactions}",
      journal        = "Phys. Rev.",
      volume         = "D95",
      year           = "2017",
      number         = "11",
      pages          = "116004",
      doi            = "10.1103/PhysRevD.95.116004",
      eprint         = "1704.03476",
      archivePrefix  = "arXiv",
      primaryClass   = "hep-ph",
      reportNumber   = "TUM-EFT-58-14",
      SLACcitation   = "%%CITATION = ARXIV:1704.03476;%%"
}

% Joining flat space to AdS2
@article{Porfyriadis:2018jlw,
      author         = "Porfyriadis, Achilleas P.",
      title          = "{near-$AdS_2$ perturbations and the connection with
                        near-extreme Reissner-Nordstrom}",
      year           = "2018",
      eprint         = "1806.07097",
      archivePrefix  = "arXiv",
      primaryClass   = "hep-th",
      SLACcitation   = "%%CITATION = ARXIV:1806.07097;%%"
}

@article{Horowitz:2014gva,
      author         = "Horowitz, Gary T. and Iqbal, Nabil and Santos, Jorge E.
                        and Way, Benson",
      title          = "{Hovering Black Holes from Charged Defects}",
      journal        = "Class. Quant. Grav.",
      volume         = "32",
      year           = "2015",
      pages          = "105001",
      doi            = "10.1088/0264-9381/32/10/105001",
      eprint         = "1412.1830",
      archivePrefix  = "arXiv",
      primaryClass   = "hep-th",
      SLACcitation   = "%%CITATION = ARXIV:1412.1830;%%"
}
 
@article{Blanco:2013lea,
      author         = "Blanco, David D. and Casini, Horacio",
      title          = "{Localization of Negative Energy and the Bekenstein
                        Bound}",
      journal        = "Phys. Rev. Lett.",
      volume         = "111",
      year           = "2013",
      number         = "22",
      pages          = "221601",
      doi            = "10.1103/PhysRevLett.111.221601",
      eprint         = "1309.1121",
      archivePrefix  = "arXiv",
      primaryClass   = "hep-th",
      SLACcitation   = "%%CITATION = ARXIV:1309.1121;%%"
}

@article{bennett1993teleporting,
  title={Teleporting an unknown quantum state via dual classical and Einstein-Podolsky-Rosen channels},
  author={Bennett, Charles H and Brassard, Gilles and Cr{\'e}peau, Claude and Jozsa, Richard and Peres, Asher and Wootters, William K},
  journal={Physical review letters},
  volume={70},
  number={13},
  pages={1895},
  year={1993},
  publisher={APS}
}

@article{Maldacena:2018lmt,
      author         = "Maldacena, Juan and Qi, Xiao-Liang",
      title          = "{Eternal traversable wormhole}",
      year           = "2018",
      eprint         = "1804.00491",
      archivePrefix  = "arXiv",
      primaryClass   = "hep-th",
      SLACcitation   = "%%CITATION = ARXIV:1804.00491;%%"
}

@article{Susskind:1993if,
      author         = "Susskind, Leonard and Thorlacius, Larus and Uglum, John",
      title          = "{The Stretched horizon and black hole complementarity}",
      journal        = "Phys. Rev.",
      volume         = "D48",
      year           = "1993",
      pages          = "3743-3761",
      doi            = "10.1103/PhysRevD.48.3743",
      eprint         = "hep-th/9306069",
      archivePrefix  = "arXiv",
      primaryClass   = "hep-th",
      reportNumber   = "SU-ITP-93-15",
      SLACcitation   = "%%CITATION = HEP-TH/9306069;%%"
}

@misc{kitaevyoshida,
author = "Kitaev, Alexei and Yoshida, Beni",
note = "Private communication"
}

@article{dupuis2010decoupling,
  title={The decoupling approach to quantum information theory},
  author={Dupuis, Fr{\'e}d{\'e}ric},
  journal={arXiv preprint arXiv:1004.1641},
  year={2010}
}

@article{hayden2008decoupling,
  title={A decoupling approach to the quantum capacity},
  author={Hayden, Patrick and Horodecki, Micha{\l} and Winter, Andreas and Yard, Jon},
  journal={Open Systems \& Information Dynamics},
  volume={15},
  number={01},
  pages={7--19},
  year={2008},
  publisher={World Scientific}
}

@article{Susskind:2014rva,
      author         = "Susskind, Leonard",
      title          = "{Computational Complexity and Black Hole Horizons}",
      journal        = "Fortsch. Phys.",
      volume         = "64",
      year           = "2016",
      pages          = "24-43",
      doi            = "10.1002/prop.201500092",
      eprint         = "1403.5695",
      archivePrefix  = "arXiv",
      primaryClass   = "hep-th",
      reportNumber   = "arXiv:1402.5674",
      SLACcitation   = "%%CITATION = ARXIV:1403.5695;%%"
}

@article{Kabat:1992tb,
      author         = "Kabat, Daniel N. and Ortiz, Miguel",
      title          = "{Eikonal quantum gravity and Planckian scattering}",
      journal        = "Nucl. Phys.",
      volume         = "B388",
      year           = "1992",
      pages          = "570-592",
      doi            = "10.1016/0550-3213(92)90627-N",
      eprint         = "hep-th/9203082",
      archivePrefix  = "arXiv",
      primaryClass   = "hep-th",
      reportNumber   = "MIT-CTP-2069",
      SLACcitation   = "%%CITATION = HEP-TH/9203082;%%"
}

@article{Verlinde:1991iu,
      author         = "Verlinde, Herman L. and Verlinde, Erik P.",
      title          = "{Scattering at Planckian energies}",
      journal        = "Nucl. Phys.",
      volume         = "B371",
      year           = "1992",
      pages          = "246-268",
      doi            = "10.1016/0550-3213(92)90236-5",
      eprint         = "hep-th/9110017",
      archivePrefix  = "arXiv",
      primaryClass   = "hep-th",
      reportNumber   = "PUPT-1279, IASSNS-HEP-91-60",
      SLACcitation   = "%%CITATION = HEP-TH/9110017;%%"
}

@article{Amati:1987uf,
      author         = "Amati, D. and Ciafaloni, M. and Veneziano, G.",
      title          = "{Classical and Quantum Gravity Effects from Planckian
                        Energy Superstring Collisions}",
      journal        = "Int. J. Mod. Phys.",
      volume         = "A3",
      year           = "1988",
      pages          = "1615-1661",
      doi            = "10.1142/S0217751X88000710",
      reportNumber   = "CERN-TH-4886/87",
      SLACcitation   = "%%CITATION = IMPAE,A3,1615;%%"
}

@article{tHooft:1987vrq,
      author         = "'t Hooft, Gerard",
      title          = "{Graviton Dominance in Ultrahigh-Energy Scattering}",
      journal        = "Phys. Lett.",
      volume         = "B198",
      year           = "1987",
      pages          = "61-63",
      doi            = "10.1016/0370-2693(87)90159-6",
      SLACcitation   = "%%CITATION = PHLTA,B198,61;%%"
}

@article{Nayak:2018qej,
      author         = "Nayak, Pranjal and Shukla, Ashish and Soni, Ronak M. and
                        Trivedi, Sandip P. and Vishal, V.",
      title          = "{On the Dynamics of Near-Extremal Black Holes}",
      year           = "2018",
      eprint         = "1802.09547",
      archivePrefix  = "arXiv",
      primaryClass   = "hep-th",
      reportNumber   = "TIFR/TH/17-35, TIFR-TH-17-35",
      SLACcitation   = "%%CITATION = ARXIV:1802.09547;%%"
}

@article{Stanford:2014jda,
      author         = "Stanford, Douglas and Susskind, Leonard",
      title          = "{Complexity and Shock Wave Geometries}",
      journal        = "Phys. Rev.",
      volume         = "D90",
      year           = "2014",
      number         = "12",
      pages          = "126007",
      doi            = "10.1103/PhysRevD.90.126007",
      eprint         = "1406.2678",
      archivePrefix  = "arXiv",
      primaryClass   = "hep-th",
      SLACcitation   = "%%CITATION = ARXIV:1406.2678;%%"
}

@article{Goldberger:2004jt,
      author         = "Goldberger, Walter D. and Rothstein, Ira Z.",
      title          = "{An Effective field theory of gravity for extended
                        objects}",
      journal        = "Phys. Rev.",
      volume         = "D73",
      year           = "2006",
      pages          = "104029",
      doi            = "10.1103/PhysRevD.73.104029",
      eprint         = "hep-th/0409156",
      archivePrefix  = "arXiv",
      primaryClass   = "hep-th",
      reportNumber   = "UCSD-PTH-04-17, CMU-HEP-04-06",
      SLACcitation   = "%%CITATION = HEP-TH/0409156;%%"
}

@article{ArkaniHamed:2006dz,
      author         = "Arkani-Hamed, Nima and Motl, Lubos and Nicolis, Alberto
                        and Vafa, Cumrun",
      title          = "{The String landscape, black holes and gravity as the
                        weakest force}",
      journal        = "JHEP",
      volume         = "06",
      year           = "2007",
      pages          = "060",
      doi            = "10.1088/1126-6708/2007/06/060",
      eprint         = "hep-th/0601001",
      archivePrefix  = "arXiv",
      primaryClass   = "hep-th",
      reportNumber   = "HUTP-05-A0057",
      SLACcitation   = "%%CITATION = HEP-TH/0601001;%%"
}

@article{Maldacena:2016upp,
      author         = "Maldacena, Juan and Stanford, Douglas and Yang, Zhenbin",
      title          = "{Conformal symmetry and its breaking in two dimensional
                        Nearly Anti-de-Sitter space}",
      journal        = "PTEP",
      volume         = "2016",
      year           = "2016",
      number         = "12",
      pages          = "12C104",
      doi            = "10.1093/ptep/ptw124",
      eprint         = "1606.01857",
      archivePrefix  = "arXiv",
      primaryClass   = "hep-th",
      SLACcitation   = "%%CITATION = ARXIV:1606.01857;%%"
}


@article{Almheiri:2014cka,
      author         = "Almheiri, Ahmed and Polchinski, Joseph",
      title          = "{Models of AdS$_{2}$ backreaction and holography}",
      journal        = "JHEP",
      volume         = "11",
      year           = "2015",
      pages          = "014",
      doi            = "10.1007/JHEP11(2015)014",
      eprint         = "1402.6334",
      archivePrefix  = "arXiv",
      primaryClass   = "hep-th",
      SLACcitation   = "%%CITATION = ARXIV:1402.6334;%%"
}

@article{Maldacena:2015iua,
      author         = "Maldacena, Juan and Simmons-Duffin, David and Zhiboedov,
                        Alexander",
      title          = "{Looking for a bulk point}",
      journal        = "JHEP",
      volume         = "01",
      year           = "2017",
      pages          = "013",
      doi            = "10.1007/JHEP01(2017)013",
      eprint         = "1509.03612",
      archivePrefix  = "arXiv",
      primaryClass   = "hep-th",
      SLACcitation   = "%%CITATION = ARXIV:1509.03612;%%"
}

@article{Susskind:2016jjb,
      author         = "Susskind, Leonard",
      title          = "{Copenhagen vs Everett, Teleportation, and ER=EPR}",
      journal        = "Fortsch. Phys.",
      volume         = "64",
      year           = "2016",
      number         = "6-7",
      pages          = "551-564",
      doi            = "10.1002/prop.201600036",
      eprint         = "1604.02589",
      archivePrefix  = "arXiv",
      primaryClass   = "hep-th",
      SLACcitation   = "%%CITATION = ARXIV:1604.02589;%%"
}


@article{Susskind:2014yaa,
      author         = "Susskind, Leonard",
      title          = "{ER=EPR, GHZ, and the consistency of quantum
                        measurements}",
      journal        = "Fortsch. Phys.",
      volume         = "64",
      year           = "2016",
      pages          = "72-83",
      doi            = "10.1002/prop.201500094",
      eprint         = "1412.8483",
      archivePrefix  = "arXiv",
      primaryClass   = "hep-th",
      SLACcitation   = "%%CITATION = ARXIV:1412.8483;%%"
}

@article{Marolf:2012xe,
      author         = "Marolf, Donald and Wall, Aron C.",
      title          = "{Eternal Black Holes and Superselection in AdS/CFT}",
      journal        = "Class. Quant. Grav.",
      volume         = "30",
      year           = "2013",
      pages          = "025001",
      doi            = "10.1088/0264-9381/30/2/025001",
      eprint         = "1210.3590",
      archivePrefix  = "arXiv",
      primaryClass   = "hep-th",
      SLACcitation   = "%%CITATION = ARXIV:1210.3590;%%"
}

@article{Gao:2016bin,
      author         = "Gao, Ping and Jafferis, Daniel Louis and Wall, Aron",
      title          = "{Traversable Wormholes via a Double Trace Deformation}",
      year           = "2016",
      eprint         = "1608.05687",
      archivePrefix  = "arXiv",
      primaryClass   = "hep-th",
      SLACcitation   = "%%CITATION = ARXIV:1608.05687;%%"
}

@article{Harlow:2013tf,
      author         = "Harlow, Daniel and Hayden, Patrick",
      title          = "{Quantum Computation vs. Firewalls}",
      journal        = "JHEP",
      volume         = "06",
      year           = "2013",
      pages          = "085",
      doi            = "10.1007/JHEP06(2013)085",
      eprint         = "1301.4504",
      archivePrefix  = "arXiv",
      primaryClass   = "hep-th",
      SLACcitation   = "%%CITATION = ARXIV:1301.4504;%%"
}

@article{Maldacena:2017axo,
      author         = "Maldacena, Juan and Stanford, Douglas and Yang, Zhenbin",
      title          = "{Diving into traversable wormholes}",
      journal        = "Fortsch. Phys.",
      volume         = "65",
      year           = "2017",
      number         = "5",
      pages          = "1700034",
      doi            = "10.1002/prop.201700034",
      eprint         = "1704.05333",
      archivePrefix  = "arXiv",
      primaryClass   = "hep-th",
      SLACcitation   = "%%CITATION = ARXIV:1704.05333;%%"
}

@article{Marolf:2020vsi,
    author = "Marolf, Donald and Wang, Shannon and Wang, Zhencheng",
    title = "{Probing phase transitions of holographic entanglement entropy with fixed area states}",
    eprint = "2006.10089",
    archivePrefix = "arXiv",
    primaryClass = "hep-th",
    month = "6",
    year = "2020"
}

@article{Dong:2020iod,
    author = "Dong, Xi and Wang, Huajia",
    title = "{Enhanced corrections near holographic entanglement transitions: a chaotic case study}",
    eprint = "2006.10051",
    archivePrefix = "arXiv",
    primaryClass = "hep-th",
    month = "6",
    year = "2020"
}

@article{Susskind:1993mu,
      author         = "Susskind, Leonard and Thorlacius, Larus",
      title          = "{Gedanken experiments involving black holes}",
      journal        = "Phys. Rev.",
      volume         = "D49",
      year           = "1994",
      pages          = "966-974",
      doi            = "10.1103/PhysRevD.49.966",
      eprint         = "hep-th/9308100",
      archivePrefix  = "arXiv",
      primaryClass   = "hep-th",
      reportNumber   = "SU-ITP-93-19",
      SLACcitation   = "%%CITATION = HEP-TH/9308100;%%"
}

@article{Page:2013dx,
      author         = "Page, Don N.",
      title          = "{Time Dependence of Hawking Radiation Entropy}",
      journal        = "JCAP",
      volume         = "1309",
      year           = "2013",
      pages          = "028",
      doi            = "10.1088/1475-7516/2013/09/028",
      eprint         = "1301.4995",
      archivePrefix  = "arXiv",
      primaryClass   = "hep-th",
      SLACcitation   = "%%CITATION = ARXIV:1301.4995;%%"
}

@article{Harlow:2014yka,
      author         = "Harlow, Daniel",
      title          = "{Jerusalem Lectures on Black Holes and Quantum
                        Information}",
      journal        = "Rev. Mod. Phys.",
      volume         = "88",
      year           = "2016",
      pages          = "15002",
      doi            = "10.1103/RevModPhys.88.015002",
      note           = "[Rev. Mod. Phys.88,15002(2016)]",
      eprint         = "1409.1231",
      archivePrefix  = "arXiv",
      primaryClass   = "hep-th",
      SLACcitation   = "%%CITATION = ARXIV:1409.1231;%%"
}

@article{Hayden:2007cs,
      author         = "Hayden, Patrick and Preskill, John",
      title          = "{Black holes as mirrors: Quantum information in random
                        subsystems}",
      journal        = "JHEP",
      volume         = "09",
      year           = "2007",
      pages          = "120",
      doi            = "10.1088/1126-6708/2007/09/120",
      eprint         = "0708.4025",
      archivePrefix  = "arXiv",
      primaryClass   = "hep-th",
      reportNumber   = "CALT-68-2659",
      SLACcitation   = "%%CITATION = ARXIV:0708.4025;%%"
}

@article{Jackiw:1984je,
      author         = "Jackiw, R.",
      title          = "{Lower Dimensional Gravity}",
      booktitle      = "{1984 Meeting of the Division of Particles and Fields of
                        the APS Santa Fe, New Mexico, October 31-November 3,
                        1984}",
      journal        = "Nucl. Phys.",
      volume         = "B252",
      year           = "1985",
      pages          = "343-356",
      doi            = "10.1016/0550-3213(85)90448-1",
      reportNumber   = "MIT-CTP-1203, C84-06-04, C84-10-31",
      SLACcitation   = "%%CITATION = NUPHA,B252,343;%%"
}

@article{Teitelboim:1983ux,
      author         = "Teitelboim, C.",
      title          = "{Gravitation and Hamiltonian Structure in Two Space-Time
                        Dimensions}",
      journal        = "Phys. Lett.",
      volume         = "B126",
      year           = "1983",
      pages          = "41-45",
      doi            = "10.1016/0370-2693(83)90012-6",
      SLACcitation   = "%%CITATION = PHLTA,B126,41;%%"
}

@misc{kitaevIASChaosWorkshop,
author = "Kitaev, Alexei",
note = "Talk given IAS chaos workshop, Oct. 18, 2016"
}

@misc{kitaevfundamental,
author = "Kitaev, Alexei",
note = "Talk given at the Fundamental Physics Prize Symposium, Nov. 10, 2014"
}

@article{Iyer:1994ys,
      author         = "Iyer, Vivek and Wald, Robert M.",
      title          = "{Some properties of Noether charge and a proposal for
                        dynamical black hole entropy}",
      journal        = "Phys. Rev.",
      volume         = "D50",
      year           = "1994",
      pages          = "846-864",
      doi            = "10.1103/PhysRevD.50.846",
      eprint         = "gr-qc/9403028",
      archivePrefix  = "arXiv",
      primaryClass   = "gr-qc",
      SLACcitation   = "%%CITATION = GR-QC/9403028;%%"
}

@article{Mann:1992yv,
      author         = "Mann, Robert B.",
      title          = "{Conservation laws and 2-D black holes in dilaton
                        gravity}",
      journal        = "Phys. Rev.",
      volume         = "D47",
      year           = "1993",
      pages          = "4438-4442",
      doi            = "10.1103/PhysRevD.47.4438",
      eprint         = "hep-th/9206044",
      archivePrefix  = "arXiv",
      primaryClass   = "hep-th",
      reportNumber   = "WATPHYS-TH92-03",
      SLACcitation   = "%%CITATION = HEP-TH/9206044;%%"
}

@article{Strominger:1998yg,
      author         = "Strominger, Andrew",
      title          = "{AdS(2) quantum gravity and string theory}",
      journal        = "JHEP",
      volume         = "01",
      year           = "1999",
      pages          = "007",
      doi            = "10.1088/1126-6708/1999/01/007",
      eprint         = "hep-th/9809027",
      archivePrefix  = "arXiv",
      primaryClass   = "hep-th",
      SLACcitation   = "%%CITATION = HEP-TH/9809027;%%"
}
 
@article{Hartman:2008dq,
      author         = "Hartman, Thomas and Strominger, Andrew",
      title          = "{Central Charge for AdS(2) Quantum Gravity}",
      journal        = "JHEP",
      volume         = "04",
      year           = "2009",
      pages          = "026",
      doi            = "10.1088/1126-6708/2009/04/026",
      eprint         = "0803.3621",
      archivePrefix  = "arXiv",
      primaryClass   = "hep-th",
      SLACcitation   = "%%CITATION = ARXIV:0803.3621;%%"
}

@article{NavarroSalas:1999up,
      author         = "Navarro-Salas, J. and Navarro, P.",
      title          = "{AdS(2) / CFT(1) correspondence and near extremal black
                        hole entropy}",
      journal        = "Nucl. Phys.",
      volume         = "B579",
      year           = "2000",
      pages          = "250-266",
      doi            = "10.1016/S0550-3213(00)00165-6",
      eprint         = "hep-th/9910076",
      archivePrefix  = "arXiv",
      primaryClass   = "hep-th",
      reportNumber   = "FTUV-99-67, IFIC-99-70",
      SLACcitation   = "%%CITATION = HEP-TH/9910076;%%"
}

@article{Horowitz:1997jc,
      author         = "Horowitz, Gary T. and Polchinski, Joseph",
      title          = "{Selfgravitating fundamental strings}",
      journal        = "Phys. Rev.",
      volume         = "D57",
      year           = "1998",
      pages          = "2557-2563",
      doi            = "10.1103/PhysRevD.57.2557",
      eprint         = "hep-th/9707170",
      archivePrefix  = "arXiv",
      primaryClass   = "hep-th",
      reportNumber   = "NSF-ITP-97-097",
      SLACcitation   = "%%CITATION = HEP-TH/9707170;%%"
}
@article{Sen:2011ba,
      author         = "Sen, Ashoke",
      title          = "{Logarithmic Corrections to N=2 Black Hole Entropy: An
                        Infrared Window into the Microstates}",
      journal        = "Gen. Rel. Grav.",
      volume         = "44",
      year           = "2012",
      number         = "5",
      pages          = "1207-1266",
      doi            = "10.1007/s10714-012-1336-5",
      eprint         = "1108.3842",
      archivePrefix  = "arXiv",
      primaryClass   = "hep-th",
      SLACcitation   = "%%CITATION = ARXIV:1108.3842;%%"
}


@article{Fukuyama:1985gg,
      author         = "Fukuyama, Takeshi and Kamimura, Kiyoshi",
      title          = "{Gauge Theory of Two-dimensional Gravity}",
      journal        = "Phys. Lett.",
      volume         = "B160",
      year           = "1985",
      pages          = "259-262",
      doi            = "10.1016/0370-2693(85)91322-X",
      reportNumber   = "Print-85-0318 (TOHO)",
      SLACcitation   = "%%CITATION = PHLTA,B160,259;%%"
}

@article{Chamseddine:1989yz,
      author         = "Chamseddine, Ali H. and Wyler, D.",
      title          = "{Gauge Theory of Topological Gravity in
                        (1+1)-Dimensions}",
      journal        = "Phys. Lett.",
      volume         = "B228",
      year           = "1989",
      pages          = "75-78",
      doi            = "10.1016/0370-2693(89)90528-5",
      reportNumber   = "Print-89-0614 (ZURICH)",
      SLACcitation   = "%%CITATION = PHLTA,B228,75;%%"
}

@article{Klebanov:1999tb,
      author         = "Klebanov, Igor R. and Witten, Edward",
      title          = "{AdS / CFT correspondence and symmetry breaking}",
      journal        = "Nucl. Phys.",
      volume         = "B556",
      year           = "1999",
      pages          = "89-114",
      doi            = "10.1016/S0550-3213(99)00387-9",
      eprint         = "hep-th/9905104",
      archivePrefix  = "arXiv",
      primaryClass   = "hep-th",
      reportNumber   = "PUPT-1863, IASSNS-HEP-99-49",
      SLACcitation   = "%%CITATION = HEP-TH/9905104;%%"
}

@article{Cacciapaglia:2008bi,
      author         = "Cacciapaglia, Giacomo and Marandella, Guido and Terning,
                        John",
      title          = "{Dimensions of Supersymmetric Operators from AdS/CFT}",
      journal        = "JHEP",
      volume         = "06",
      year           = "2009",
      pages          = "027",
      doi            = "10.1088/1126-6708/2009/06/027",
      eprint         = "0802.2946",
      archivePrefix  = "arXiv",
      primaryClass   = "hep-th",
      SLACcitation   = "%%CITATION = ARXIV:0802.2946;%%"
}

@article{Banerjee:2011jp,
      author         = "Banerjee, Shamik and Gupta, Rajesh Kumar and Mandal,
                        Ipsita and Sen, Ashoke",
      title          = "{Logarithmic Corrections to N=4 and N=8 Black Hole
                        Entropy: A One Loop Test of Quantum Gravity}",
      journal        = "JHEP",
      volume         = "11",
      year           = "2011",
      pages          = "143",
      doi            = "10.1007/JHEP11(2011)143",
      eprint         = "1106.0080",
      archivePrefix  = "arXiv",
      primaryClass   = "hep-th",
      SLACcitation   = "%%CITATION = ARXIV:1106.0080;%%"
}

@article{Sen:2008yk,
      author         = "Sen, Ashoke",
      title          = "{Entropy Function and AdS(2) / CFT(1) Correspondence}",
      journal        = "JHEP",
      volume         = "11",
      year           = "2008",
      pages          = "075",
      doi            = "10.1088/1126-6708/2008/11/075",
      eprint         = "0805.0095",
      archivePrefix  = "arXiv",
      primaryClass   = "hep-th",
      SLACcitation   = "%%CITATION = ARXIV:0805.0095;%%"
}
 

@article{Hosur:2015ylk,
      author         = "Hosur, Pavan and Qi, Xiao-Liang and Roberts, Daniel A.
                        and Yoshida, Beni",
      title          = "{Chaos in quantum channels}",
      journal        = "JHEP",
      volume         = "02",
      year           = "2016",
      pages          = "004",
      doi            = "10.1007/JHEP02(2016)004",
      eprint         = "1511.04021",
      archivePrefix  = "arXiv",
      primaryClass   = "hep-th",
      reportNumber   = "MIT-CTP-4733",
      SLACcitation   = "%%CITATION = ARXIV:1511.04021;%%"
}

@article{Anninos:2013nra,
      author         = "Anninos, Dionysios and Anous, Tarek and de Lange, Paul
                        and Konstantinidis, George",
      title          = "{Conformal quivers and melting molecules}",
      journal        = "JHEP",
      volume         = "03",
      year           = "2015",
      pages          = "066",
      doi            = "10.1007/JHEP03(2015)066",
      eprint         = "1310.7929",
      archivePrefix  = "arXiv",
      primaryClass   = "hep-th",
      SLACcitation   = "%%CITATION = ARXIV:1310.7929;%%"
}

@article{Kolekar:2018sba,
      author         = "Kolekar, Kedar S. and Narayan, K.",
      title          = "{$AdS_2$ dilaton gravity from reductions of some
                        nonrelativistic theories}",
      year           = "2018",
      eprint         = "1803.06827",
      archivePrefix  = "arXiv",
      primaryClass   = "hep-th",
      SLACcitation   = "%%CITATION = ARXIV:1803.06827;%%"
}



@article{Maldacena:2016hyu,
      author         = "Maldacena, Juan and Stanford, Douglas",
      title          = "{Remarks on the Sachdev-Ye-Kitaev model}",
      journal        = "Phys. Rev.",
      volume         = "D94",
      year           = "2016",
      number         = "10",
      pages          = "106002",
      doi            = "10.1103/PhysRevD.94.106002",
      eprint         = "1604.07818",
      archivePrefix  = "arXiv",
      primaryClass   = "hep-th",
      SLACcitation   = "%%CITATION = ARXIV:1604.07818;%%"
}

@article{Jensen:2016pah,
      author         = "Jensen, Kristan",
      title          = "{Chaos and hydrodynamics near AdS$_2$}",
      year           = "2016",
      eprint         = "1605.06098",
      archivePrefix  = "arXiv",
      primaryClass   = "hep-th",
      SLACcitation   = "%%CITATION = ARXIV:1605.06098;%%"
}

@article{Jevicki:2016ito,
      author         = "Jevicki, Antal and Suzuki, Kenta",
      title          = "{Bi-Local Holography in the SYK Model: Perturbations}",
      journal        = "JHEP",
      volume         = "11",
      year           = "2016",
      pages          = "046",
      doi            = "10.1007/JHEP11(2016)046",
      eprint         = "1608.07567",
      archivePrefix  = "arXiv",
      primaryClass   = "hep-th",
      reportNumber   = "BROWN-HET-1676",
      SLACcitation   = "%%CITATION = ARXIV:1608.07567;%%"
}


@article{Garcia-Garcia:2017bkg,
      author         = "Garc\'{\i}a-Garc\'{\i}a, Antonio M. and Loureiro, Bruno and
                        Romero-Berm\'udez, Aurelio and Tezuka, Masaki",
      title          = "{Stability of chaos in a generalised Sachdev-Ye-Kitaev
                        model}",
      year           = "2017",
      eprint         = "1707.02197",
      archivePrefix  = "arXiv",
      primaryClass   = "hep-th",
      SLACcitation   = "%%CITATION = ARXIV:1707.02197;%%"
}
@article{deAlfaro:1976vlx,
      author         = "de Alfaro, Vittorio and Fubini, S. and Furlan, G.",
      title          = "{Conformal Invariance in Quantum Mechanics}",
      journal        = "Nuovo Cim.",
      volume         = "A34",
      year           = "1976",
      pages          = "569",
      doi            = "10.1007/BF02785666",
      reportNumber   = "CERN-TH-2115",
      SLACcitation   = "%%CITATION = NUCIA,A34,569;%%"
}

@article{Reynolds:2016pmi,
      author         = "Reynolds, Alan P. and Ross, Simon F.",
      title          = "{Butterflies with rotation and charge}",
      year           = "2016",
      eprint         = "1604.04099",
      archivePrefix  = "arXiv",
      primaryClass   = "hep-th",
      reportNumber   = "DCPT-16-07",
      SLACcitation   = "%%CITATION = ARXIV:1604.04099;%%"
}


@article{Bi:2017yvx,
      author         = "Bi, Zhen and Jian, Chao-Ming and You, Yi-Zhuang and
                        Pawlak, Kelly Ann and Xu, Cenke",
      title          = "{Instability of the non-Fermi liquid state of the
                        Sachdev-Ye-Kitaev Model}",
      journal        = "Phys. Rev.",
      volume         = "B95",
      year           = "2017",
      number         = "20",
      pages          = "205105",
      doi            = "10.1103/PhysRevB.95.205105",
      eprint         = "1701.07081",
      archivePrefix  = "arXiv",
      primaryClass   = "cond-mat.str-el",
      SLACcitation   = "%%CITATION = ARXIV:1701.07081;%%"
}

@article{Turiaci:2016cvo,
      author         = "Turiaci, Gustavo and Verlinde, Herman",
      title          = "{On CFT and Quantum Chaos}",
      year           = "2016",
      eprint         = "1603.03020",
      archivePrefix  = "arXiv",
      primaryClass   = "hep-th",
      SLACcitation   = "%%CITATION = ARXIV:1603.03020;%%"
}

@article{PolchStreich,
      author         = "Polchinski, Joseph and  Streicher, Alexander",
      note          = "Private communication"
}

@article{PhysRevB.63.134406,
  title = {Quantum fluctuations of a nearly critical Heisenberg spin glass},
  author = {Georges, A. and Parcollet, O. and Sachdev, S.},
  journal = {Phys. Rev. B},
  volume = {63},
  issue = {13},
  pages = {134406},
  numpages = {17},
  year = {2001},
  month = {Mar},
  publisher = {American Physical Society},
  doi = {10.1103/PhysRevB.63.134406},
  url = {http://link.aps.org/doi/10.1103/PhysRevB.63.134406}
}

@article{Sengupta,
      author         = "Parcollet, Olivier and Georges, Antoine and Kotliar, Gabriel  and  Sengupta,Anirvan",
      title          = "{Overscreened multichannel SU(N) Kondo model: Large-N solution and conformal field theory}",
      journal        = "Phys. Rev. B",
      volume         = "58",
      year           = "1998",
      pages          = "3794",
      eprint         = "cond-mat/9711192 ",
      archivePrefix  = "arXiv",
      primaryClass   = "cond-mat",
      SLACcitation   = "%%CITATION = ARXIV:1006.3794;%%"
}

@article{Brower:2006ea,
      author         = "Brower, Richard C. and Polchinski, Joseph and Strassler,
                        Matthew J. and Tan, Chung-I",
      title          = "{The Pomeron and gauge/string duality}",
      journal        = "JHEP",
      volume         = "12",
      year           = "2007",
      pages          = "005",
      doi            = "10.1088/1126-6708/2007/12/005",
      eprint         = "hep-th/0603115",
      archivePrefix  = "arXiv",
      primaryClass   = "hep-th",
      reportNumber   = "BROWN-HET-1462",
      SLACcitation   = "%%CITATION = HEP-TH/0603115;%%"
}


@inproceedings{Erdmenger:2015xpq,
      author         = "Erdmenger, J. and Flory, M. and Hoyos, C. and Newrzella,
                        M-N. and O'Bannon, A. and Wu, J.",
      title          = "{Holographic impurities and Kondo effect}",
      booktitle      = "{The String Theory Universe, 21st European String
                        Workshop and 3rd COST MP1210 Meeting Leuven, Belgium,
                        September 7-11, 2015}",
      url            = "http://inspirehep.net/record/1407205/files/arXiv:1511.09362.pdf",
      year           = "2015",
      eprint         = "1511.09362",
      archivePrefix  = "arXiv",
      primaryClass   = "hep-th",
      reportNumber   = "FPAUO-15-17",
      SLACcitation   = "%%CITATION = ARXIV:1511.09362;%%"
}

@article{Sachdev:2010um,
      author         = "Sachdev, Subir",
      title          = "{Holographic metals and the fractionalized Fermi liquid}",
      journal        = "Phys. Rev. Lett.",
      volume         = "105",
      year           = "2010",
      pages          = "151602",
      doi            = "10.1103/PhysRevLett.105.151602",
      eprint         = "1006.3794",
      archivePrefix  = "arXiv",
      primaryClass   = "hep-th",
      SLACcitation   = "%%CITATION = ARXIV:1006.3794;%%"
}


@article{Karczmarek:2004bw,
      author         = "Karczmarek, Joanna L. and Maldacena, Juan Martin and
                        Strominger, Andrew",
      title          = "{Black hole non-formation in the matrix model}",
      journal        = "JHEP",
      volume         = "01",
      year           = "2006",
      pages          = "039",
      doi            = "10.1088/1126-6708/2006/01/039",
      eprint         = "hep-th/0411174",
      archivePrefix  = "arXiv",
      primaryClass   = "hep-th",
      SLACcitation   = "%%CITATION = HEP-TH/0411174;%%"
}

@inproceedings{Klebanov:1991qa,
      author         = "Klebanov, Igor R.",
      title          = "{String theory in two-dimensions}",
      booktitle      = "{Spring School on String Theory and Quantum Gravity (to
                        be followed by Workshop) Trieste, Italy, April 15-23,
                        1991}",
      year           = "1991",
      eprint         = "hep-th/9108019",
      archivePrefix  = "arXiv",
      primaryClass   = "hep-th",
      reportNumber   = "PUPT-1271, C91-04-15",
      SLACcitation   = "%%CITATION = HEP-TH/9108019;%%"
}

@article{Hamilton:2006az,
      author         = "Hamilton, Alex and Kabat, Daniel N. and Lifschytz, Gilad
                        and Lowe, David A.",
      title          = "{Holographic representation of local bulk operators}",
      journal        = "Phys. Rev.",
      volume         = "D74",
      year           = "2006",
      pages          = "066009",
      doi            = "10.1103/PhysRevD.74.066009",
      eprint         = "hep-th/0606141",
      archivePrefix  = "arXiv",
      primaryClass   = "hep-th",
      reportNumber   = "CU-TP-1149",
      SLACcitation   = "%%CITATION = HEP-TH/0606141;%%"
}

@article{Anninos:2016szt,
      author         = "Anninos, Dionysios and Anous, Tarek and Denef, Frederik",
      title          = "{Disordered Quivers and Cold Horizons}",
      year           = "2016",
      eprint         = "1603.00453",
      archivePrefix  = "arXiv",
      primaryClass   = "hep-th",
      reportNumber   = "MIT-CTP-4774",
      SLACcitation   = "%%CITATION = ARXIV:1603.00453;%%"
}


@article{Bagrets:2016cdf,
      author         = "Bagrets, Dmitry and Altland, Alexander and Kamenev, Alex",
      title          = "{Sachdev–Ye–Kitaev model as Liouville quantum
                        mechanics}",
      booktitle      = "{Proceedings, 10th International 'Hiroshima' Symposium on
                        the Development and Application of Semiconductor Tracking
                        Detectors (HSTD-10): Xian, China, September 25-29, 2015}",
      journal        = "Nucl. Phys.",
      volume         = "B911",
      year           = "2016",
      pages          = "191-205",
      doi            = "10.1016/j.nuclphysb.2016.08.002",
      eprint         = "1607.00694",
      archivePrefix  = "arXiv",
      primaryClass   = "cond-mat.str-el",
      SLACcitation   = "%%CITATION = ARXIV:1607.00694;%%"
}

@article{Galloway:2018dak,
      author         = "Galloway, Gregory J. and Graf, Melanie",
      title          = "{Rigidity of asymptotically $AdS_2 \times S^2$
                        spacetimes}",
      year           = "2018",
      eprint         = "1803.10529",
      archivePrefix  = "arXiv",
      primaryClass   = "gr-qc",
      SLACcitation   = "%%CITATION = ARXIV:1803.10529;%%"
}

@article{Bagrets:2017pwq,
      author         = "Bagrets, Dmitry and Altland, Alexander and Kamenev, Alex",
      title          = "{Power-law out of time order correlation functions in the
                        SYK model}",
      journal        = "Nucl. Phys.",
      volume         = "B921",
      year           = "2017",
      pages          = "727-752",
      doi            = "10.1016/j.nuclphysb.2017.06.012",
      eprint         = "1702.08902",
      archivePrefix  = "arXiv",
      primaryClass   = "cond-mat.str-el",
      SLACcitation   = "%%CITATION = ARXIV:1702.08902;%%"
}

@article{Stanford:2017thb,
      author         = "Stanford, Douglas and Witten, Edward",
      title          = "{Fermionic Localization of the Schwarzian Theory}",
      journal        = "JHEP",
      volume         = "10",
      year           = "2017",
      pages          = "008",
      doi            = "10.1007/JHEP10(2017)008",
      eprint         = "1703.04612",
      archivePrefix  = "arXiv",
      primaryClass   = "hep-th",
      SLACcitation   = "%%CITATION = ARXIV:1703.04612;%%"
}

@article{Kuchar:1994zk,
      author         = "Kuchar, Karel V.",
      title          = "{Geometrodynamics of Schwarzschild black holes}",
      journal        = "Phys. Rev.",
      volume         = "D50",
      year           = "1994",
      pages          = "3961-3981",
      doi            = "10.1103/PhysRevD.50.3961",
      eprint         = "gr-qc/9403003",
      archivePrefix  = "arXiv",
      primaryClass   = "gr-qc",
      reportNumber   = "UU-REL-94-3-1",
      SLACcitation   = "%%CITATION = GR-QC/9403003;%%"
}

@article{Almheiri:2018ijj,
      author         = "Almheiri, Ahmed and Mousatov, Alexandros and Shyani,
                        Milind",
      title          = "{Escaping the Interiors of Pure Boundary-State Black
                        Holes}",
      year           = "2018",
      eprint         = "1803.04434",
      archivePrefix  = "arXiv",
      primaryClass   = "hep-th",
      SLACcitation   = "%%CITATION = ARXIV:1803.04434;%%"
}

@article{Susskind:2014yaa,
      author         = "Susskind, Leonard",
      title          = "{ER=EPR, GHZ, and the consistency of quantum
                        measurements}",
      journal        = "Fortsch. Phys.",
      volume         = "64",
      year           = "2016",
      pages          = "72-83",
      doi            = "10.1002/prop.201500094",
      eprint         = "1412.8483",
      archivePrefix  = "arXiv",
      primaryClass   = "hep-th",
      SLACcitation   = "%%CITATION = ARXIV:1412.8483;%%"
}

@article{Yoshida:2017non,
      author         = "Yoshida, Beni and Kitaev, Alexei",
      title          = "{Efficient decoding for the Hayden-Preskill protocol}",
      year           = "2017",
      eprint         = "1710.03363",
      archivePrefix  = "arXiv",
      primaryClass   = "hep-th",
      SLACcitation   = "%%CITATION = ARXIV:1710.03363;%%"
}

@article{Kourkoulou:2017zaj,
      author         = "Kourkoulou, Ioanna and Maldacena, Juan",
      title          = "{Pure states in the SYK model and nearly-$AdS_2$
                        gravity}",
      year           = "2017",
      eprint         = "1707.02325",
      archivePrefix  = "arXiv",
      primaryClass   = "hep-th",
      SLACcitation   = "%%CITATION = ARXIV:1707.02325;%%"
}

@article{Susskind:2017nto,
      author         = "Susskind, Leonard and Zhao, Ying",
      title          = "{Teleportation Through the Wormhole}",
      year           = "2017",
      eprint         = "1707.04354",
      archivePrefix  = "arXiv",
      primaryClass   = "hep-th",
      SLACcitation   = "%%CITATION = ARXIV:1707.04354;%%"
}

@article{Maldacena:1998uz,
      author         = "Maldacena, Juan Martin and Michelson, Jeremy and
                        Strominger, Andrew",
      title          = "{Anti-de Sitter fragmentation}",
      journal        = "JHEP",
      volume         = "02",
      year           = "1999",
      pages          = "011",
      doi            = "10.1088/1126-6708/1999/02/011",
      eprint         = "hep-th/9812073",
      archivePrefix  = "arXiv",
      primaryClass   = "hep-th",
      reportNumber   = "HUTP-98-A088, UCSBTH-98-8",
      SLACcitation   = "%%CITATION = HEP-TH/9812073;%%"
}

@article{Maldacena:2005hi,
      author         = "Maldacena, Juan Martin",
      title          = "{Long strings in two dimensional string theory and
                        non-singlets in the matrix model}",
      journal        = "JHEP",
      volume         = "09",
      year           = "2005",
      pages          = "078",
      doi            = "10.1088/1126-6708/2005/09/078, 10.1142/S0219887806001053",
      note           = "[Int. J. Geom. Meth. Mod. Phys.3,1(2006)]",
      eprint         = "hep-th/0503112",
      archivePrefix  = "arXiv",
      primaryClass   = "hep-th",
      SLACcitation   = "%%CITATION = HEP-TH/0503112;%%"
}

@article{Jevicki:2016bwu,
      author         = "Jevicki, Antal and Suzuki, Kenta and Yoon, Junggi",
      title          = "{Bi-Local Holography in the SYK Model}",
      year           = "2016",
      eprint         = "1603.06246",
      archivePrefix  = "arXiv",
      primaryClass   = "hep-th",
      reportNumber   = "BROWN-HET-1673",
      SLACcitation   = "%%CITATION = ARXIV:1603.06246;%%"
}

@article{Iizuka:2008hg,
      author         = "Iizuka, Norihiro and Polchinski, Joseph",
      title          = "{A Matrix Model for Black Hole Thermalization}",
      journal        = "JHEP",
      volume         = "10",
      year           = "2008",
      pages          = "028",
      doi            = "10.1088/1126-6708/2008/10/028",
      eprint         = "0801.3657",
      archivePrefix  = "arXiv",
      primaryClass   = "hep-th",
      SLACcitation   = "%%CITATION = ARXIV:0801.3657;%%"
}

@article{Caputa:2015waa,
    author = "Caputa, Pawe\l{} and Sim\'on, Joan and \v{S}tikonas, Andrius and Takayanagi, Tadashi and Watanabe, Kento",
    title = "{Scrambling time from local perturbations of the eternal BTZ black hole}",
    eprint = "1503.08161",
    archivePrefix = "arXiv",
    primaryClass = "hep-th",
    reportNumber = "NORDITA-2015-32, YITP-15-21, IPMU15-0033",
    doi = "10.1007/JHEP08(2015)011",
    journal = "JHEP",
    volume = "08",
    pages = "011",
    year = "2015"
}

@article{Turiaci:2016cvo,
      author         = "Turiaci, Gustavo and Verlinde, Herman",
      title          = "{On CFT and Quantum Chaos}",
      year           = "2016",
      eprint         = "1603.03020",
      archivePrefix  = "arXiv",
      primaryClass   = "hep-th",
      SLACcitation   = "%%CITATION = ARXIV:1603.03020;%%"
}
@article{ParcolletGeorges,
  title = {Non-Fermi-liquid regime of a doped Mott insulator},
  author = {Parcollet, Olivier and Georges, Antoine},
  journal = {Phys. Rev. B},
  volume = {59},
  issue = {8},
  pages = {5341--5360},
  numpages = {0},
  year = {1999},
  month = {Feb},
  publisher = {American Physical Society},
  doi = {10.1103/PhysRevB.59.5341},
  url = {http://link.aps.org/doi/10.1103/PhysRevB.59.5341}
}

@article{PhysRevB.63.134406,
  title = {Quantum fluctuations of a nearly critical Heisenberg spin glass},
  author = {Georges, A. and Parcollet, O. and Sachdev, S.},
  journal = {Phys. Rev. B},
  volume = {63},
  issue = {13},
  pages = {134406},
  numpages = {17},
  year = {2001},
  month = {Mar},
  publisher = {American Physical Society},
  doi = {10.1103/PhysRevB.63.134406},
  url = {http://link.aps.org/doi/10.1103/PhysRevB.63.134406}
}






%%%%%%%%%%%%%%%%%%%%%%%%%
% papers on chaos
@article{Larkin:1969abc,
      Author = {Larkin, A.I. and Ovchinnikov, Y.N.},
      Journal = {JETP},
      Pages = {1200-1205},
      Title = {{Quasiclassical method in the theory of superconductivity}},
      Volume = {28,6},
      Year = {1969}}

@article{Shenker:2013pqa,
      author         = "Shenker, Stephen H. and Stanford, Douglas",
      title          = "{Black holes and the butterfly effect}",
      journal        = "JHEP",
      volume         = "03",
      year           = "2014",
      pages          = "067",
      doi            = "10.1007/JHEP03(2014)067",
      eprint         = "1306.0622",
      archivePrefix  = "arXiv",
      primaryClass   = "hep-th",
      reportNumber   = "SU-ITP-13-08",
      SLACcitation   = "%%CITATION = ARXIV:1306.0622;%%"
}

@article{Shenker:2013yza,
      author         = "Shenker, Stephen H. and Stanford, Douglas",
      title          = "{Multiple Shocks}",
      journal        = "JHEP",
      volume         = "12",
      year           = "2014",
      pages          = "046",
      doi            = "10.1007/JHEP12(2014)046",
      eprint         = "1312.3296",
      archivePrefix  = "arXiv",
      primaryClass   = "hep-th",
      reportNumber   = "SU-ITP-13-24",
      SLACcitation   = "%%CITATION = ARXIV:1312.3296;%%"
}

@article{Leichenauer:2014nxa,
      author         = "Leichenauer, Stefan",
      title          = "{Disrupting Entanglement of Black Holes}",
      journal        = "Phys. Rev.",
      volume         = "D90",
      year           = "2014",
      number         = "4",
      pages          = "046009",
      doi            = "10.1103/PhysRevD.90.046009",
      eprint         = "1405.7365",
      archivePrefix  = "arXiv",
      primaryClass   = "hep-th",
      reportNumber   = "CALT-2014-139, CALT-TH-2014-139",
      SLACcitation   = "%%CITATION = ARXIV:1405.7365;%%"
}

@article{Roberts:2014isa,
      author         = "Roberts, Daniel A. and Stanford, Douglas and Susskind,
                        Leonard",
      title          = "{Localized shocks}",
      journal        = "JHEP",
      volume         = "03",
      year           = "2015",
      pages          = "051",
      doi            = "10.1007/JHEP03(2015)051",
      eprint         = "1409.8180",
      archivePrefix  = "arXiv",
      primaryClass   = "hep-th",
      reportNumber   = "MIT-CTP-4594, SU-ITP-14-20",
      SLACcitation   = "%%CITATION = ARXIV:1409.8180;%%"
}
@article{Fuller:1962zza,
      author         = "Fuller, Robert W. and Wheeler, John A.",
      title          = "{Causality and Multiply Connected Space-Time}",
      journal        = "Phys. Rev.",
      volume         = "128",
      year           = "1962",
      pages          = "919-929",
      doi            = "10.1103/PhysRev.128.919",
      SLACcitation   = "%%CITATION = PHRVA,128,919;%%"
}

@article{Faulkner:2016mzt,
      author         = "Faulkner, Thomas and Leigh, Robert G. and Parrikar, Onkar
                        and Wang, Huajia",
      title          = "{Modular Hamiltonians for Deformed Half-Spaces and the
                        Averaged Null Energy Condition}",
      journal        = "JHEP",
      volume         = "09",
      year           = "2016",
      pages          = "038",
      doi            = "10.1007/JHEP09(2016)038",
      eprint         = "1605.08072",
      archivePrefix  = "arXiv",
      primaryClass   = "hep-th",
      SLACcitation   = "%%CITATION = ARXIV:1605.08072;%%"
}

@article{Almheiri:2019qdq,
    author = "Almheiri, Ahmed and Hartman, Thomas and Maldacena, Juan and Shaghoulian, Edgar and Tajdini, Amirhossein",
    title = "{Replica Wormholes and the Entropy of Hawking Radiation}",
    eprint = "1911.12333",
    archivePrefix = "arXiv",
    primaryClass = "hep-th",
    doi = "10.1007/JHEP05(2020)013",
    journal = "JHEP",
    volume = "05",
    pages = "013",
    year = "2020"
}

@article{Hartman:2016lgu,
      author         = "Hartman, Thomas and Kundu, Sandipan and Tajdini,
                        Amirhossein",
      title          = "{Averaged Null Energy Condition from Causality}",
      journal        = "JHEP",
      volume         = "07",
      year           = "2017",
      pages          = "066",
      doi            = "10.1007/JHEP07(2017)066",
      eprint         = "1610.05308",
      archivePrefix  = "arXiv",
      primaryClass   = "hep-th",
      SLACcitation   = "%%CITATION = ARXIV:1610.05308;%%"
}

@article{Gao:2000ga,
      author         = "Gao, Sijie and Wald, Robert M.",
      title          = "{Theorems on gravitational time delay and related
                        issues}",
      journal        = "Class. Quant. Grav.",
      volume         = "17",
      year           = "2000",
      pages          = "4999-5008",
      doi            = "10.1088/0264-9381/17/24/305",
      eprint         = "gr-qc/0007021",
      archivePrefix  = "arXiv",
      primaryClass   = "gr-qc",
      SLACcitation   = "%%CITATION = GR-QC/0007021;%%"
}

@article{Randall:1999vf,
      author         = "Randall, Lisa and Sundrum, Raman",
      title          = "{An Alternative to compactification}",
      journal        = "Phys. Rev. Lett.",
      volume         = "83",
      year           = "1999",
      pages          = "4690-4693",
      doi            = "10.1103/PhysRevLett.83.4690",
      eprint         = "hep-th/9906064",
      archivePrefix  = "arXiv",
      primaryClass   = "hep-th",
      reportNumber   = "MIT-CTP-2874, PUPT-1867, BUHEP-99-13",
      SLACcitation   = "%%CITATION = HEP-TH/9906064;%%"
}

@article{Galloway:1999bp,
      author         = "Galloway, G. J. and Schleich, K. and Witt, D. M. and
                        Woolgar, E.",
      title          = "{Topological censorship and higher genus black holes}",
      journal        = "Phys. Rev.",
      volume         = "D60",
      year           = "1999",
      pages          = "104039",
      doi            = "10.1103/PhysRevD.60.104039",
      eprint         = "gr-qc/9902061",
      archivePrefix  = "arXiv",
      primaryClass   = "gr-qc",
      SLACcitation   = "%%CITATION = GR-QC/9902061;%%"
} 

@article{Galloway:1999br,
      author         = "Galloway, G. J. and Schleich, K. and Witt, D. and
                        Woolgar, E.",
      title          = "{The AdS / CFT correspondence conjecture and topological
                        censorship}",
      journal        = "Phys. Lett.",
      volume         = "B505",
      year           = "2001",
      pages          = "255-262",
      doi            = "10.1016/S0370-2693(01)00335-5",
      eprint         = "hep-th/9912119",
      archivePrefix  = "arXiv",
      primaryClass   = "hep-th",
      SLACcitation   = "%%CITATION = HEP-TH/9912119;%%"
}

@article{Roberts:2014ifa,
      author         = "Roberts, Daniel A. and Stanford, Douglas",
      title          = "{Two-dimensional conformal field theory and the butterfly
                        effect}",
      journal        = "Phys. Rev. Lett.",
      volume         = "115",
      year           = "2015",
      number         = "13",
      pages          = "131603",
      doi            = "10.1103/PhysRevLett.115.131603",
      eprint         = "1412.5123",
      archivePrefix  = "arXiv",
      primaryClass   = "hep-th",
      reportNumber   = "MIT-CTP-4626",
      SLACcitation   = "%%CITATION = ARXIV:1412.5123;%%"
}

@article{Jackson:2014nla,
      author         = "Jackson, Steven and McGough, Lauren and Verlinde, Herman",
      title          = "{Conformal Bootstrap, Universality and Gravitational
                        Scattering}",
      journal        = "Nucl. Phys.",
      volume         = "B901",
      year           = "2015",
      pages          = "382-429",
      doi            = "10.1016/j.nuclphysb.2015.10.013",
      eprint         = "1412.5205",
      archivePrefix  = "arXiv",
      primaryClass   = "hep-th",
      SLACcitation   = "%%CITATION = ARXIV:1412.5205;%%"
}

@article{Czech:2016xec,
      author         = "Czech, Bartlomiej and Lamprou, Lampros and McCandlish,
                        Samuel and Mosk, Benjamin and Sully, James",
      title          = "{A Stereoscopic Look into the Bulk}",
      year           = "2016",
      eprint         = "1604.03110",
      archivePrefix  = "arXiv",
      primaryClass   = "hep-th",
      reportNumber   = "SU-ITP-16-07",
      SLACcitation   = "%%CITATION = ARXIV:1604.03110;%%"
}

@article{You:2016ldz,
      author         = "You, Yi-Zhuang and Ludwig, Andreas W. W. and Xu, Cenke",
      title          = "{Sachdev-Ye-Kitaev Model and Thermalization on the
                        Boundary of Many-Body Localized Fermionic Symmetry
                        Protected Topological States}",
      year           = "2016",
      eprint         = "1602.06964",
      archivePrefix  = "arXiv",
      primaryClass   = "cond-mat.str-el",
      SLACcitation   = "%%CITATION = ARXIV:1602.06964;%%"
}

@article{Czech:2016xec,
      author         = "Czech, Bartlomiej and Lamprou, Lampros and McCandlish,
                        Samuel and Mosk, Benjamin and Sully, James",
      title          = "{A Stereoscopic Look into the Bulk}",
      year           = "2016",
      eprint         = "1604.03110",
      archivePrefix  = "arXiv",
      primaryClass   = "hep-th",
      reportNumber   = "SU-ITP-16-07",
      SLACcitation   = "%%CITATION = ARXIV:1604.03110;%%"
}

@article{Akers:2019nfi,
    author = "Akers, Chris and Engelhardt, Netta and Harlow, Daniel",
    title = "{Simple holographic models of black hole evaporation}",
    eprint = "1910.00972",
    archivePrefix = "arXiv",
    primaryClass = "hep-th",
    doi = "10.1007/JHEP08(2020)032",
    journal = "JHEP",
    volume = "08",
    pages = "032",
    year = "2020"
}
@article{Shenker:2014cwa,
      author         = "Shenker, Stephen H. and Stanford, Douglas",
      title          = "{Stringy effects in scrambling}",
      journal        = "JHEP",
      volume         = "05",
      year           = "2015",
      pages          = "132",
      doi            = "10.1007/JHEP05(2015)132",
      eprint         = "1412.6087",
      archivePrefix  = "arXiv",
      primaryClass   = "hep-th",
      SLACcitation   = "%%CITATION = ARXIV:1412.6087;%%"
}

@article{Maldacena:2015waa,
      author         = "Maldacena, Juan and Shenker, Stephen H. and Stanford,
                        Douglas",
      title          = "{A bound on chaos}",
      year           = "2015",
      eprint         = "1503.01409",
      archivePrefix  = "arXiv",
      primaryClass   = "hep-th",
      SLACcitation   = "%%CITATION = ARXIV:1503.01409;%%"
}

@article{Polchinski:2015cea,
      author         = "Polchinski, Joseph",
      title          = "{Chaos in the black hole S-matrix}",
      year           = "2015",
      eprint         = "1505.08108",
      archivePrefix  = "arXiv",
      primaryClass   = "hep-th",
      SLACcitation   = "%%CITATION = ARXIV:1505.08108;%%"
}
 

@article{Marolf:2015jha,
      author         = "Marolf, Donald",
      title          = "{Comments on Microcausality, Chaos, and Gravitational
                        Observables}",
      journal        = "Class. Quant. Grav.",
      volume         = "32",
      year           = "2015",
      number         = "24",
      pages          = "245003",
      doi            = "10.1088/0264-9381/32/24/245003",
      eprint         = "1508.00939",
      archivePrefix  = "arXiv",
      primaryClass   = "gr-qc",
      SLACcitation   = "%%CITATION = ARXIV:1508.00939;%%"
}

@article{You:2016ldz,
      author         = "You, Yi-Zhuang and Ludwig, Andreas W. W. and Xu, Cenke",
      title          = "{Sachdev-Ye-Kitaev Model and Thermalization on the
                        Boundary of Many-Body Localized Fermionic Symmetry
                        Protected Topological States}",
      year           = "2016",
      eprint         = "1602.06964",
      archivePrefix  = "arXiv",
      primaryClass   = "cond-mat.str-el",
      SLACcitation   = "%%CITATION = ARXIV:1602.06964;%%"
}

@article{Giombi:2011kc,
      author         = "Giombi, Simone and Minwalla, Shiraz and Prakash, Shiroman
                        and Trivedi, Sandip P. and Wadia, Spenta R. and Yin, Xi",
      title          = "{Chern-Simons Theory with Vector Fermion Matter}",
      journal        = "Eur. Phys. J.",
      volume         = "C72",
      year           = "2012",
      pages          = "2112",
      doi            = "10.1140/epjc/s10052-012-2112-0",
      eprint         = "1110.4386",
      archivePrefix  = "arXiv",
      primaryClass   = "hep-th",
      SLACcitation   = "%%CITATION = ARXIV:1110.4386;%%"
}
@article{Hosur:2015ylk,
      author         = "Hosur, Pavan and Qi, Xiao-Liang and Roberts, Daniel A.
                        and Yoshida, Beni",
      title          = "{Chaos in quantum channels}",
      journal        = "JHEP",
      volume         = "02",
      year           = "2016",
      pages          = "004",
      doi            = "10.1007/JHEP02(2016)004",
      eprint         = "1511.04021",
      archivePrefix  = "arXiv",
      primaryClass   = "hep-th",
      reportNumber   = "MIT-CTP-4733",
      SLACcitation   = "%%CITATION = ARXIV:1511.04021;%%"
}

@article{Stanford:2015owe,
      author         = "Stanford, Douglas",
      title          = "{Many-body chaos at weak coupling}",
      year           = "2015",
      eprint         = "1512.07687",
      archivePrefix  = "arXiv",
      primaryClass   = "hep-th",
      SLACcitation   = "%%CITATION = ARXIV:1512.07687;%%"
}

@article{Gur-Ari:2015rcq,
      author         = "Gur-Ari, Guy and Hanada, Masanori and Shenker, Stephen
                        H.",
      title          = "{Chaos in Classical D0-Brane Mechanics}",
      journal        = "JHEP",
      volume         = "02",
      year           = "2016",
      pages          = "091",
      doi            = "10.1007/JHEP02(2016)091",
      eprint         = "1512.00019",
      archivePrefix  = "arXiv",
      primaryClass   = "hep-th",
      SLACcitation   = "%%CITATION = ARXIV:1512.00019;%%"
}

@article{Fitzpatrick:2016thx,
      author         = "Fitzpatrick, A. Liam and Kaplan, Jared",
      title          = "{A Quantum Correction To Chaos}",
      year           = "2016",
      eprint         = "1601.06164",
      archivePrefix  = "arXiv",
      primaryClass   = "hep-th",
      SLACcitation   = "%%CITATION = ARXIV:1601.06164;%%"
}

@article{'tHooft:1974hx,
      author         = "'t Hooft, Gerard",
      title          = "{A Two-Dimensional Model for Mesons}",
      journal        = "Nucl. Phys.",
      volume         = "B75",
      year           = "1974",
      pages          = "461-470",
      doi            = "10.1016/0550-3213(74)90088-1",
      reportNumber   = "CERN-TH-1820",
      SLACcitation   = "%%CITATION = NUPHA,B75,461;%%"
}

@article{Polchinski:2016xgd,
      author         = "Polchinski, Joseph and Rosenhaus, Vladimir",
      title          = "{The Spectrum in the Sachdev-Ye-Kitaev Model}",
      year           = "2016",
      eprint         = "1601.06768",
      archivePrefix  = "arXiv",
      primaryClass   = "hep-th",
      SLACcitation   = "%%CITATION = ARXIV:1601.06768;%%"
}

@article{Michel:2016kwn,
      author         = "Michel, Ben and Polchinski, Joseph and Rosenhaus,
                        Vladimir and Suh, S. Josephine",
      title          = "{Four-point function in the IOP matrix model}",
      year           = "2016",
      eprint         = "1602.06422",
      archivePrefix  = "arXiv",
      primaryClass   = "hep-th",
      SLACcitation   = "%%CITATION = ARXIV:1602.06422;%%"
}

@inproceedings{Klebanov:1991qa,
      author         = "Klebanov, Igor R.",
      title          = "{String theory in two-dimensions}",
      booktitle      = "{Spring School on String Theory and Quantum Gravity (to
                        be followed by Workshop) Trieste, Italy, April 15-23,
                        1991}",
      year           = "1991",
      eprint         = "hep-th/9108019",
      archivePrefix  = "arXiv",
      primaryClass   = "hep-th",
      reportNumber   = "PUPT-1271, C91-04-15",
      SLACcitation   = "%%CITATION = HEP-TH/9108019;%%"
}
 
 
 @article{Karczmarek:2004bw,
      author         = "Karczmarek, Joanna L. and Maldacena, Juan Martin and
                        Strominger, Andrew",
      title          = "{Black hole non-formation in the matrix model}",
      journal        = "JHEP",
      volume         = "01",
      year           = "2006",
      pages          = "039",
      doi            = "10.1088/1126-6708/2006/01/039",
      eprint         = "hep-th/0411174",
      archivePrefix  = "arXiv",
      primaryClass   = "hep-th",
      SLACcitation   = "%%CITATION = HEP-TH/0411174;%%"
}

@article{Gu:2016hoy,
      author         = "Gu, Yingfei and Qi, Xiao-Liang",
      title          = "{Fractional Statistics and the Butterfly Effect}",
      year           = "2016",
      eprint         = "1602.06543",
      archivePrefix  = "arXiv",
      primaryClass   = "hep-th",
      SLACcitation   = "%%CITATION = ARXIV:1602.06543;%%"
}

@article{Caputa:2016tgt,
      author         = "Caputa, Pawel and Numasawa, Tokiro and Veliz-Osorio,
                        Alvaro",
      title          = "{Scrambling without chaos in RCFT}",
      year           = "2016",
      eprint         = "1602.06542",
      archivePrefix  = "arXiv",
      primaryClass   = "hep-th",
      reportNumber   = "NORDITA-2016-6, YITP-16-10",
      SLACcitation   = "%%CITATION = ARXIV:1602.06542;%%"
}

@article{Swingle:2016var,
      author         = "Swingle, Brian and Bentsen, Gregory and Schleier-Smith,
                        Monika and Hayden, Patrick",
      title          = "{Measuring the scrambling of quantum information}",
      year           = "2016",
      eprint         = "1602.06271",
      archivePrefix  = "arXiv",
      primaryClass   = "quant-ph",
      SLACcitation   = "%%CITATION = ARXIV:1602.06271;%%"
}

@article{Perlmutter:2016pkf,
      author         = "Perlmutter, Eric",
      title          = "{Bounding the Space of Holographic CFTs with Chaos}",
      year           = "2016",
      eprint         = "1602.08272",
      archivePrefix  = "arXiv",
      primaryClass   = "hep-th",
      SLACcitation   = "%%CITATION = ARXIV:1602.08272;%%"
}

@article{Turiaci:2016cvo,
      author         = "Turiaci, Gustavo and Verlinde, Herman",
      title          = "{On CFT and Quantum Chaos}",
      year           = "2016",
      eprint         = "1603.03020",
      archivePrefix  = "arXiv",
      primaryClass   = "hep-th",
      SLACcitation   = "%%CITATION = ARXIV:1603.03020;%%"
}

@article{Blake:2016wvh,
      author         = "Blake, Mike",
      title          = "{Universal Charge Diffusion and the Butterfly Effect}",
      year           = "2016",
      eprint         = "1603.08510",
      archivePrefix  = "arXiv",
      primaryClass   = "hep-th",
      reportNumber   = "DAMTP-2016-27",
      SLACcitation   = "%%CITATION = ARXIV:1603.08510;%%"
}

@article{Kitaev:2016chaos,
      author         = "Kitaev, Alexei",
      note           = "To appear",
      year           = "2016",
}

@article{Maldacena:2016chaos,
      author         = "Maldacena, Juan  and Stanford, Douglas",
      note           = "To appear",
      year           = "2016",
}

%%%%%%%%%%%%%%%%%%%%%%%%%
% papers on scrambling and black holes

@article{Schwarzschild:1916uq,
      author         = "Schwarzschild, Karl",
      title          = "{On the gravitational field of a mass point according to
                        Einstein's theory}",
      journal        = "Sitzungsber. Preuss. Akad. Wiss. Berlin (Math. Phys.)",
      volume         = "1916",
      year           = "1916",
      pages          = "189-196",
}

@article{Einstein:1935tc,
      author         = "Einstein, Albert and Rosen, N.",
      title          = "{The Particle Problem in the General Theory of
                        Relativity}",
      journal        = "Phys. Rev.",
      volume         = "48",
      year           = "1935",
      pages          = "73-77",
      doi            = "10.1103/PhysRev.48.73",
      SLACcitation   = "%%CITATION = PHRVA,48,73;%%"
}

@article{Finkelstein:1958zz,
      author         = "Finkelstein, David",
      title          = "{Past-Future Asymmetry of the Gravitational Field of a
                        Point Particle}",
      journal        = "Phys. Rev.",
      volume         = "110",
      year           = "1958",
      pages          = "965-967",
      doi            = "10.1103/PhysRev.110.965",
      SLACcitation   = "%%CITATION = PHRVA,110,965;%%"
}

@article{Susskind:2014moa,
      author         = "Susskind, Leonard",
      title          = "{Entanglement is not enough}",
      journal        = "Fortsch. Phys.",
      volume         = "64",
      year           = "2016",
      pages          = "49-71",
      doi            = "10.1002/prop.201500095",
      eprint         = "1411.0690",
      archivePrefix  = "arXiv",
      primaryClass   = "hep-th",
      SLACcitation   = "%%CITATION = ARXIV:1411.0690;%%"
}

@article{Coleman:1988cy,
      author         = "Coleman, Sidney R.",
      title          = "{Black Holes as Red Herrings: Topological Fluctuations
                        and the Loss of Quantum Coherence}",
      journal        = "Nucl. Phys.",
      volume         = "B307",
      year           = "1988",
      pages          = "867-882",
      doi            = "10.1016/0550-3213(88)90110-1",
      reportNumber   = "HUTP-88/A008",
      SLACcitation   = "%%CITATION = NUPHA,B307,867;%%"
}

@article{Hawking:1987mz,
      author         = "Hawking, S. W.",
      title          = "{Quantum Coherence Down the Wormhole}",
      booktitle      = "{Moscow Quantum Grav.1987:0125}",
      journal        = "Phys. Lett.",
      volume         = "B195",
      year           = "1987",
      pages          = "337",
      doi            = "10.1016/0370-2693(87)90028-1",
      reportNumber   = "Print-87-0842 (CAMBRIDGE)",
      SLACcitation   = "%%CITATION = PHLTA,B195,337;%%"
}
@article{Giddings:1987cg,
      author         = "Giddings, Steven B. and Strominger, Andrew",
      title          = "{Axion Induced Topology Change in Quantum Gravity and
                        String Theory}",
      journal        = "Nucl. Phys.",
      volume         = "B306",
      year           = "1988",
      pages          = "890-907",
      doi            = "10.1016/0550-3213(88)90446-4",
      reportNumber   = "HUTP-87-A067",
      SLACcitation   = "%%CITATION = NUPHA,B306,890;%%"
}
@article{Lavrelashvili:1987jg,
      author         = "Lavrelashvili, George V. and Rubakov, V. A. and Tinyakov,
                        P. G.",
      title          = "{Disruption of Quantum Coherence upon a Change in Spatial
                        Topology in Quantum Gravity}",
      journal        = "JETP Lett.",
      volume         = "46",
      year           = "1987",
      pages          = "167-169",
      note           = "[Pisma Zh. Eksp. Teor. Fiz.46,134(1987)]",
      SLACcitation   = "%%CITATION = JTPLA,46,167;%%"
}

@article{Polchinski:1994zs,
      author         = "Polchinski, Joseph and Strominger, Andrew",
      title          = "{A Possible resolution of the black hole information
                        puzzle}",
      journal        = "Phys. Rev.",
      volume         = "D50",
      year           = "1994",
      pages          = "7403-7409",
      doi            = "10.1103/PhysRevD.50.7403",
      eprint         = "hep-th/9407008",
      archivePrefix  = "arXiv",
      primaryClass   = "hep-th",
      reportNumber   = "UCSB-TH-94-20",
      SLACcitation   = "%%CITATION = HEP-TH/9407008;%%"
}

@article{Kruskal:1959vx,
      author         = "Kruskal, M. D.",
      title          = "{Maximal extension of Schwarzschild metric}",
      journal        = "Phys. Rev.",
      volume         = "119",
      year           = "1960",
      pages          = "1743-1745",
      doi            = "10.1103/PhysRev.119.1743",
      SLACcitation   = "%%CITATION = PHRVA,119,1743;%%"
}

@article{Hawking:1971tu,
      author         = "Hawking, S. W.",
      title          = "{Gravitational radiation from colliding black holes}",
      journal        = "Phys. Rev. Lett.",
      volume         = "26",
      year           = "1971",
      pages          = "1344-1346",
      doi            = "10.1103/PhysRevLett.26.1344",
      SLACcitation   = "%%CITATION = PRLTA,26,1344;%%"
}

@article{Bekenstein:1972tm,
      author         = "Bekenstein, J. D.",
      title          = "{Black holes and the second law}",
      journal        = "Lett. Nuovo Cim.",
      volume         = "4",
      year           = "1972",
      pages          = "737-740",
      doi            = "10.1007/BF02757029",
      SLACcitation   = "%%CITATION = NCLTA,4,737;%%"
}

@article{Bekenstein:1973ur,
      author         = "Bekenstein, Jacob D.",
      title          = "{Black holes and entropy}",
      journal        = "Phys. Rev.",
      volume         = "D7",
      year           = "1973",
      pages          = "2333-2346",
      doi            = "10.1103/PhysRevD.7.2333",
      SLACcitation   = "%%CITATION = PHRVA,D7,2333;%%"
}

@article{Bekenstein:1974ax,
      author         = "Bekenstein, Jacob D.",
      title          = "{Generalized second law of thermodynamics in black hole
                        physics}",
      journal        = "Phys. Rev.",
      volume         = "D9",
      year           = "1974",
      pages          = "3292-3300",
      doi            = "10.1103/PhysRevD.9.3292",
      SLACcitation   = "%%CITATION = PHRVA,D9,3292;%%"
}

@article{Hawking:1974rv,
      author         = "Hawking, S. W.",
      title          = "{Black hole explosions}",
      journal        = "Nature",
      volume         = "248",
      year           = "1974",
      pages          = "30-31",
      doi            = "10.1038/248030a0",
      SLACcitation   = "%%CITATION = NATUA,248,30;%%"
}

@article{Hawking:1974sw,
      author         = "Hawking, S. W.",
      title          = "{Particle Creation by Black Holes}",
      booktitle      = "{In *Gibbons, G.W. (ed.), Hawking, S.W. (ed.): Euclidean
                        quantum gravity* 167-188}",
      journal        = "Commun. Math. Phys.",
      volume         = "43",
      year           = "1975",
      pages          = "199-220",
      doi            = "10.1007/BF02345020",
      note           = "[,167(1975)]",
      SLACcitation   = "%%CITATION = CMPHA,43,199;%%"
}

@article{Alford:1992ef,
      author         = "Alford, Mark G. and Strominger, Andrew",
      title          = "{S wave scattering of charged fermions by a magnetic
                        black hole}",
      journal        = "Phys. Rev. Lett.",
      volume         = "69",
      year           = "1992",
      pages          = "563-566",
      doi            = "10.1103/PhysRevLett.69.563",
      eprint         = "hep-th/9202075",
      archivePrefix  = "arXiv",
      primaryClass   = "hep-th",
      reportNumber   = "NSF-ITP-92-13",
      SLACcitation   = "%%CITATION = HEP-TH/9202075;%%"
}

@article{Callan:1982ac,
      author         = "Callan, Jr., Curtis G.",
      title          = "{Monopole Catalysis of Baryon Decay}",
      journal        = "Nucl. Phys.",
      volume         = "B212",
      year           = "1983",
      pages          = "391-400",
      doi            = "10.1016/0550-3213(83)90677-6",
      reportNumber   = "LPTENS-82-20",
      SLACcitation   = "%%CITATION = NUPHA,B212,391;%%"
}
@article{Callan:1982au,
      author         = "Callan, Jr., Curtis G.",
      title          = "{Dyon-Fermion Dynamics}",
      journal        = "Phys. Rev.",
      volume         = "D26",
      year           = "1982",
      pages          = "2058-2068",
      doi            = "10.1103/PhysRevD.26.2058",
      reportNumber   = "Print-82-0476 (PRINCETON)",
      SLACcitation   = "%%CITATION = PHRVA,D26,2058;%%"
}

@article{Callan:1982ah,
      author         = "Callan, Jr., Curtis G.",
      title          = "{Disappearing Dyons}",
      journal        = "Phys. Rev.",
      volume         = "D25",
      year           = "1982",
      pages          = "2141",
      doi            = "10.1103/PhysRevD.25.2141",
      reportNumber   = "Print-82-0006 (PRINCETON)",
      SLACcitation   = "%%CITATION = PHRVA,D25,2141;%%"
}


@article{Karch:2000ct,
      author         = "Karch, Andreas and Randall, Lisa",
      title          = "{Locally localized gravity}",
      booktitle      = "{Superstrings. Proceedings, International Conference,
                        Strings 2000, Ann Arbor, USA, July 10-15, 2000}",
      journal        = "JHEP",
      volume         = "05",
      year           = "2001",
      pages          = "008",
      doi            = "10.1088/1126-6708/2001/05/008",
      note           = "[,140(2000)]",
      eprint         = "hep-th/0011156",
      archivePrefix  = "arXiv",
      primaryClass   = "hep-th",
      reportNumber   = "MIT-CTP-3099",
      SLACcitation   = "%%CITATION = HEP-TH/0011156;%%"
}

@article{Randall:1999vf,
      author         = "Randall, Lisa and Sundrum, Raman",
      title          = "{An Alternative to compactification}",
      journal        = "Phys. Rev. Lett.",
      volume         = "83",
      year           = "1999",
      pages          = "4690-4693",
      doi            = "10.1103/PhysRevLett.83.4690",
      eprint         = "hep-th/9906064",
      archivePrefix  = "arXiv",
      primaryClass   = "hep-th",
      reportNumber   = "MIT-CTP-2874, PUPT-1867, BUHEP-99-13",
      SLACcitation   = "%%CITATION = HEP-TH/9906064;%%"
}

@article{JACKIW1985343,
title = "Lower dimensional gravity",
journal = "Nuclear Physics B",
volume = "252",
pages = "343 - 356",
year = "1985",
issn = "0550-3213",
doi = "https://doi.org/10.1016/0550-3213(85)90448-1",
url = "http://www.sciencedirect.com/science/article/pii/0550321385904481",
author = "Roman Jackiw",
abstract = "Gravity theory on a line and in the plane is reviewed. The triviality of the planar Einstein model is avoided by adding sources and a topological mass term. A constant curvature model for two dimensional space-time, analogous to the theory in three dimensional space-time, is proposed."
}

@article{Almheiri:2020cfm,
    author = "Almheiri, Ahmed and Hartman, Thomas and Maldacena, Juan and Shaghoulian, Edgar and Tajdini, Amirhossein",
    title = "{The entropy of Hawking radiation}",
    eprint = "2006.06872",
    archivePrefix = "arXiv",
    primaryClass = "hep-th",
    month = "6",
    year = "2020"
}

@article{TEITELBOIM198341,
title = "Gravitation and hamiltonian structure in two spacetime dimensions",
journal = "Physics Letters B",
volume = "126",
number = "1",
pages = "41 - 45",
year = "1983",
issn = "0370-2693",
doi = "https://doi.org/10.1016/0370-2693(83)90012-6",
url = "http://www.sciencedirect.com/science/article/pii/0370269383900126",
author = "Claudio Teitelboim",
abstract = "In two spacetime dimensions a c-number (“Schwinger term”, “central charge”) is allowed in the algebra of surface deformations. A non-trivial analog of gravitation theory in two dimensional spacetime is built upon this fact, with the inverse of the central charge playing the role of the gravitational constant. Classically the analog with gravitation theory is only partial in that the hamiltonian constraints cannot be imposed, but it becomes complete at the quantum level."
}

@article{Rubakov:1982fp,
      author         = "Rubakov, V. A.",
      title          = "{Adler-Bell-Jackiw Anomaly and Fermion Number Breaking in
                        the Presence of a Magnetic Monopole}",
      journal        = "Nucl. Phys.",
      volume         = "B203",
      year           = "1982",
      pages          = "311-348",
      doi            = "10.1016/0550-3213(82)90034-7",
      SLACcitation   = "%%CITATION = NUPHA,B203,311;%%"
}
@article{Rubakov:1981rg,
      author         = "Rubakov, V. A.",
      title          = "{Superheavy Magnetic Monopoles and Proton Decay}",
      journal        = "JETP Lett.",
      volume         = "33",
      year           = "1981",
      pages          = "644-646",
      note           = "[Pisma Zh. Eksp. Teor. Fiz.33,658(1981)]",
      SLACcitation   = "%%CITATION = JTPLA,33,644;%%"
}

@article{Hawking:1976ra,
      author         = "Hawking, S. W.",
      title          = "{Breakdown of Predictability in Gravitational Collapse}",
      journal        = "Phys. Rev.",
      volume         = "D14",
      year           = "1976",
      pages          = "2460-2473",
      doi            = "10.1103/PhysRevD.14.2460",
      SLACcitation   = "%%CITATION = PHRVA,D14,2460;%%"
}

@article{Hawking:1976de,
      author         = "Hawking, S. W.",
      title          = "{Black Holes and Thermodynamics}",
      journal        = "Phys. Rev.",
      volume         = "D13",
      year           = "1976",
      pages          = "191-197",
      doi            = "10.1103/PhysRevD.13.191",
      SLACcitation   = "%%CITATION = PHRVA,D13,191;%%"
}

@article{Heemskerk:2009pn,
      author         = "Heemskerk, Idse and Penedones, Joao and Polchinski,
                        Joseph and Sully, James",
      title          = "{Holography from Conformal Field Theory}",
      journal        = "JHEP",
      volume         = "10",
      year           = "2009",
      pages          = "079",
      doi            = "10.1088/1126-6708/2009/10/079",
      eprint         = "0907.0151",
      archivePrefix  = "arXiv",
      primaryClass   = "hep-th",
      reportNumber   = "NSF-KITP-09-110",
      SLACcitation   = "%%CITATION = ARXIV:0907.0151;%%"
}

@article{Okuda:2010ym,
      author         = "Okuda, Takuya and Penedones, Joao",
      title          = "{String scattering in flat space and a scaling limit of
                        Yang-Mills correlators}",
      journal        = "Phys. Rev.",
      volume         = "D83",
      year           = "2011",
      pages          = "086001",
      doi            = "10.1103/PhysRevD.83.086001",
      eprint         = "1002.2641",
      archivePrefix  = "arXiv",
      primaryClass   = "hep-th",
      SLACcitation   = "%%CITATION = ARXIV:1002.2641;%%"
}

@article{Bekenstein:1980jp,
      author         = "Bekenstein, Jacob D.",
      title          = "{A Universal Upper Bound on the Entropy to Energy Ratio
                        for Bounded Systems}",
      journal        = "Phys. Rev.",
      volume         = "D23",
      year           = "1981",
      pages          = "287",
      doi            = "10.1103/PhysRevD.23.287",
      reportNumber   = "NSF-ITP-80-38",
      SLACcitation   = "%%CITATION = PHRVA,D23,287;%%"
}

@article{Hawking:1982dh,
      author         = "Hawking, S. W. and Page, Don N.",
      title          = "{Thermodynamics of Black Holes in anti-De Sitter Space}",
      journal        = "Commun. Math. Phys.",
      volume         = "87",
      year           = "1983",
      pages          = "577",
      doi            = "10.1007/BF01208266",
      reportNumber   = "PRINT-83-0019 (CAMBRIDGE)",
      SLACcitation   = "%%CITATION = CMPHA,87,577;%%"
}

@article{Donagi:2008kj,
      author         = "Donagi, Ron and Wijnholt, Martijn",
      title          = "{Breaking GUT Groups in F-Theory}",
      journal        = "Adv. Theor. Math. Phys.",
      volume         = "15",
      year           = "2011",
      number         = "6",
      pages          = "1523-1603",
      doi            = "10.4310/ATMP.2011.v15.n6.a1",
      eprint         = "0808.2223",
      archivePrefix  = "arXiv",
      primaryClass   = "hep-th",
      reportNumber   = "AEI-2008-036",
      SLACcitation   = "%%CITATION = ARXIV:0808.2223;%%"
}

@article{Letaw:1979wy,
      author         = "Letaw, John R. and Pfautsch, Jonathan D.",
      title          = "{The Quantized Scalar Field in Rotating Coordinates}",
      journal        = "Phys. Rev.",
      volume         = "D22",
      year           = "1980",
      pages          = "1345",
      doi            = "10.1103/PhysRevD.22.1345",
      reportNumber   = "ORO-3992-382",
      SLACcitation   = "%%CITATION = PHRVA,D22,1345;%%"
}

@article{Chen:2019uhq,
      author         = "Chen, Hong Zhe and Fisher, Zachary and Hernandez, Juan
                        and Myers, Robert C. and Ruan, Shan-Ming",
      title          = "{Information Flow in Black Hole Evaporation}",
      year           = "2019",
      eprint         = "1911.03402",
      archivePrefix  = "arXiv",
      primaryClass   = "hep-th",
      SLACcitation   = "%%CITATION = ARXIV:1911.03402;%%"
}

@article{Rozali:2019day,
      author         = "Rozali, Moshe and Sully, James and Van Raamsdonk, Mark
                        and Waddell, Christopher and Wakeham, David",
      title          = "{Information radiation in BCFT models of black holes}",
      year           = "2019",
      eprint         = "1910.12836",
      archivePrefix  = "arXiv",
      primaryClass   = "hep-th",
      SLACcitation   = "%%CITATION = ARXIV:1910.12836;%%"
}

@article{Page:1993df,
      author         = "Page, Don N.",
      title          = "{Average entropy of a subsystem}",
      journal        = "Phys. Rev. Lett.",
      volume         = "71",
      year           = "1993",
      pages          = "1291-1294",
      doi            = "10.1103/PhysRevLett.71.1291",
      eprint         = "gr-qc/9305007",
      archivePrefix  = "arXiv",
      primaryClass   = "gr-qc",
      reportNumber   = "ALBERTA-THY-22-93",
      SLACcitation   = "%%CITATION = GR-QC/9305007;%%"
}

@article{Schoutens:1993hu,
      author         = "Schoutens, Kareljan and Verlinde, Herman L. and Verlinde,
                        Erik P.",
      title          = "{Quantum black hole evaporation}",
      journal        = "Phys. Rev.",
      volume         = "D48",
      year           = "1993",
      pages          = "2670-2685",
      doi            = "10.1103/PhysRevD.48.2670",
      eprint         = "hep-th/9304128",
      archivePrefix  = "arXiv",
      primaryClass   = "hep-th",
      reportNumber   = "PUPT-1395, IASSNS-HEP-93-25",
      SLACcitation   = "%%CITATION = HEP-TH/9304128;%%"
}

@article{Kiem:1995iy,
      author         = "Kiem, Youngjai and Verlinde, Herman L. and Verlinde, Erik
                        P.",
      title          = "{Black hole horizons and complementarity}",
      journal        = "Phys. Rev.",
      volume         = "D52",
      year           = "1995",
      pages          = "7053-7065",
      doi            = "10.1103/PhysRevD.52.7053",
      eprint         = "hep-th/9502074",
      archivePrefix  = "arXiv",
      primaryClass   = "hep-th",
      reportNumber   = "CERN-TH-7469-94, PUPT-1504",
      SLACcitation   = "%%CITATION = HEP-TH/9502074;%%"
}

@article{Margolus:1997ih,
      author         = "Margolus, Norman and Levitin, Lev B.",
      title          = "{The Maximum speed of dynamical evolution}",
      booktitle      = "{4th Workshop on Physics and Computation (PhysComp 96)
                        Boston, Massachusetts, November 22-24, 1996}",
      journal        = "Physica",
      volume         = "D120",
      year           = "1998",
      pages          = "188-195",
      eprint         = "quant-ph/9710043",
      archivePrefix  = "arXiv",
      primaryClass   = "quant-ph",
      SLACcitation   = "%%CITATION = QUANT-PH/9710043;%%"
}

@article{Lloyd2003:peq,
      author         = "Lloyd, Seth",
      title          = "{Power of Entanglement in Quantum Communication}",
      journal        = "Phys. Rev. Lett.",
      volume         = "90",
      year           = "2003",
      pages          = "167902",
      doi            = "10.1103/PhysRevLett.90.167902"
}


@article{Marolf:2003sq,
      author         = "Marolf, Donald and Minic, Djordje and Ross, Simon F.",
      title          = "{Notes on space-time thermodynamics and the observer
                        dependence of entropy}",
      journal        = "Phys. Rev.",
      volume         = "D69",
      year           = "2004",
      pages          = "064006",
      doi            = "10.1103/PhysRevD.69.064006",
      eprint         = "hep-th/0310022",
      archivePrefix  = "arXiv",
      primaryClass   = "hep-th",
      SLACcitation   = "%%CITATION = HEP-TH/0310022;%%"
}


@article{Casini:2008cr,
      author         = "Casini, H.",
      title          = "{Relative entropy and the Bekenstein bound}",
      journal        = "Class. Quant. Grav.",
      volume         = "25",
      year           = "2008",
      pages          = "205021",
      doi            = "10.1088/0264-9381/25/20/205021",
      eprint         = "0804.2182",
      archivePrefix  = "arXiv",
      primaryClass   = "hep-th",
      SLACcitation   = "%%CITATION = ARXIV:0804.2182;%%"
}

@article{Sekino:2008he,
      author         = "Sekino, Yasuhiro and Susskind, Leonard",
      title          = "{Fast Scramblers}",
      journal        = "JHEP",
      volume         = "10",
      year           = "2008",
      pages          = "065",
      doi            = "10.1088/1126-6708/2008/10/065",
      eprint         = "0808.2096",
      archivePrefix  = "arXiv",
      primaryClass   = "hep-th",
      reportNumber   = "SU-ITP-08-18, OIQP-08-08",
      SLACcitation   = "%%CITATION = ARXIV:0808.2096;%%"
}

@article{Lashkari:2011yi,
      author         = "Lashkari, Nima and Stanford, Douglas and Hastings,
                        Matthew and Osborne, Tobias and Hayden, Patrick",
      title          = "{Towards the Fast Scrambling Conjecture}",
      journal        = "JHEP",
      volume         = "04",
      year           = "2013",
      pages          = "022",
      doi            = "10.1007/JHEP04(2013)022",
      eprint         = "1111.6580",
      archivePrefix  = "arXiv",
      primaryClass   = "hep-th",
      SLACcitation   = "%%CITATION = ARXIV:1111.6580;%%"
}

@article{Brown:2012gy,
      author         = "Brown, Winton and Fawzi, Omar",
      title          = "{Scrambling speed of random quantum circuits}",
      year           = "2012",
      eprint         = "1210.6644",
      archivePrefix  = "arXiv",
      primaryClass   = "quant-ph",
      SLACcitation   = "%%CITATION = ARXIV:1210.6644;%%"
}

@article{Asplund:2015eha,
      author         = "Asplund, Curtis T. and Bernamonti, Alice and Galli,
                        Federico and Hartman, Thomas",
      title          = "{Entanglement Scrambling in 2d Conformal Field Theory}",
      journal        = "JHEP",
      volume         = "09",
      year           = "2015",
      pages          = "110",
      doi            = "10.1007/JHEP09(2015)110",
      eprint         = "1506.03772",
      archivePrefix  = "arXiv",
      primaryClass   = "hep-th",
      SLACcitation   = "%%CITATION = ARXIV:1506.03772;%%"
}

@article{Stanford:2015scr,
      author         = "Stanford, Douglas",
      title          = "Scrambling and the entanglement wedge",
      note           = "Unpublished",
      year           = "2016",
}

@article{Mezei:2016ent,
      author         = "Mezei, Mark and Stanford, Douglas",
      note           = "To appear",
      year           = "2016",
}

@article{Abbott:2016blz,
      author         = "Abbott, B. P. and others",
      title          = "{Observation of Gravitational Waves from a Binary Black
                        Hole Merger}",
      collaboration  = "Virgo, LIGO Scientific",
      journal        = "Phys. Rev. Lett.",
      volume         = "116",
      year           = "2016",
      number         = "6",
      pages          = "061102",
      doi            = "10.1103/PhysRevLett.116.061102",
      eprint         = "1602.03837",
      archivePrefix  = "arXiv",
      primaryClass   = "gr-qc",
      reportNumber   = "LIGO-P150914",
      SLACcitation   = "%%CITATION = ARXIV:1602.03837;%%"
}

@article{Tarnopolsky:2018env,
      author         = "Tarnopolsky, Grigory",
      title          = "{On large $q$ expansion in the Sachdev-Ye-Kitaev model}",
      year           = "2018",
      eprint         = "1801.06871",
      archivePrefix  = "arXiv",
      primaryClass   = "hep-th",
      SLACcitation   = "%%CITATION = ARXIV:1801.06871;%%"
}

@article{Azeyanagi:2017drg,
      author         = "Azeyanagi, Tatsuo and Ferrari, Frank and Schaposnik
                        Massolo, Fidel I.",
      title          = "{Phase Diagram of Planar Matrix Quantum Mechanics,
                        Tensor, and Sachdev-Ye-Kitaev Models}",
      journal        = "Phys. Rev. Lett.",
      volume         = "120",
      year           = "2018",
      number         = "6",
      pages          = "061602",
      doi            = "10.1103/PhysRevLett.120.061602",
      eprint         = "1707.03431",
      archivePrefix  = "arXiv",
      primaryClass   = "hep-th",
      SLACcitation   = "%%CITATION = ARXIV:1707.03431;%%"
}

%%%%%%%%%%%%%%%%%%%%%%%%%
% Kitaev and Subir papers

@article{Sachdev:1992fk,
      author         = "Sachdev, Subir and Ye, Jin",
      title          = "{Gapless spin fluid ground state in a random, quantum
                        Heisenberg magnet}",
      journal        = "Phys. Rev. Lett.",
      volume         = "70",
      year           = "1993",
      pages          = "3339",
      doi            = "10.1103/PhysRevLett.70.3339",
      eprint         = "cond-mat/9212030",
      archivePrefix  = "arXiv",
      primaryClass   = "cond-mat",
      reportNumber   = "PRINT-93-0077",
      SLACcitation   = "%%CITATION = COND-MAT/9212030;%%"
}
@article{Goheer:2003tx,
      author         = "Goheer, Naureen and Kleban, Matthew and Susskind,
                        Leonard",
      title          = "{(1+1)-dimensional compactifications of string theory}",
      journal        = "Phys. Rev. Lett.",
      volume         = "92",
      year           = "2004",
      pages          = "191601",
      doi            = "10.1103/PhysRevLett.92.191601",
      eprint         = "hep-th/0310120",
      archivePrefix  = "arXiv",
      primaryClass   = "hep-th",
      SLACcitation   = "%%CITATION = HEP-TH/0310120;%%"
}

@misc{Kitaev:2014t1,
      author         = "Kitaev, Alexei",
      note           = "Talk given at the Fundamental Physics Prize Symposium, Nov. 10, 2014",
      title          = "Hidden Correlations in the Hawking Radiation and Thermal Noise",
      year           = "2014",
}

@misc{kitaevfirsttalk,
author = "Kitaev, Alexei",
note = "KITP seminar, Feb. 12, 2015",
howpublished = "\url{http://online.kitp.ucsb.edu/online/joint98/kitaev/}",
}

@article{Bloete:1986qm,
      author         = "Bloete, H. W. J. and Cardy, John L. and Nightingale, M.
                        P.",
      title          = "{Conformal Invariance, the Central Charge, and Universal
                        Finite Size Amplitudes at Criticality}",
      journal        = "Phys. Rev. Lett.",
      volume         = "56",
      year           = "1986",
      pages          = "742-745",
      doi            = "10.1103/PhysRevLett.56.742",
      SLACcitation   = "%%CITATION = PRLTA,56,742;%%"
}

@article{Kitaev:2017awl,
      author         = "Kitaev, Alexei and Suh, S. Josephine",
      title          = "{The soft mode in the Sachdev-Ye-Kitaev model and its
                        gravity dual}",
      year           = "2017",
      eprint         = "1711.08467",
      archivePrefix  = "arXiv",
      primaryClass   = "hep-th",
      SLACcitation   = "%%CITATION = ARXIV:1711.08467;%%"
}

@misc{KitaevTalks,
      author         = "Kitaev, Alexei",
      note           = "Talks at KITP, April 7, 2015 and May 27, 2015",
      title          = "A simple model of quantum holography",
      howpublished = "\url{http://online.kitp.ucsb.edu/online/entangled15/kitaev/},\url{http://online.kitp.ucsb.edu/online/entangled15/kitaev2/}",
}

@article{Sachdev:2015efa,
      author         = "Sachdev, Subir",
      title          = "{Bekenstein-Hawking Entropy and Strange Metals}",
      journal        = "Phys. Rev.",
      volume         = "X5",
      year           = "2015",
      number         = "4",
      pages          = "041025",
      doi            = "10.1103/PhysRevX.5.041025",
      eprint         = "1506.05111",
      archivePrefix  = "arXiv",
      primaryClass   = "hep-th",
      SLACcitation   = "%%CITATION = ARXIV:1506.05111;%%"
}

@article{Fu:2016yrv,
      author         = "Fu, Wenbo and Sachdev, Subir",
      title          = "{Numerical study of fermion and boson models with
                        infinite-range random interactions}",
      year           = "2016",
      eprint         = "1603.05246",
      archivePrefix  = "arXiv",
      primaryClass   = "cond-mat.str-el",
      SLACcitation   = "%%CITATION = ARXIV:1603.05246;%%"
}

%%%%%%%%%%%%%%%%%%%%%%%%%
% papers on spin chains

@article{Banuls:2011str,
      author         = "Banuls, Mari Carmen and Cirac, J Ignacio and Hastings, Matthew B",
      title          = "{Strong and weak thermalization of 
                        infinite nonintegrable quantum systems}",
      journal        = "Phys. Rev. Lett.",
      volume         = "106",
      year           = "2011",
      number         = "5",
      pages          = "050405",
      doi            = "10.1103/PhysRevLett.106.050405",
      eprint         = "1007.3957",
      archivePrefix  = "arXiv",
      primaryClass   = "quant-ph"
}


%%%%%%%%%%%%%%%%%%%%%%%%%
% papers on Lieb-Robinson

@article{Lieb:1972wy,
      author         = "Lieb, E. H. and Robinson, D. W.",
      title          = "{The finite group velocity of quantum spin systems}",
      journal        = "Commun. Math. Phys.",
      volume         = "28",
      year           = "1972",
      pages          = "251-257",
      doi            = "10.1007/BF01645779",
      SLACcitation   = "%%CITATION = CMPHA,28,251;%%"
}

@article{Hastings:2005pr,
      author         = "Hastings, Matthew B. and Koma, Tohru",
      title          = "{Spectral gap and exponential decay of correlations}",
      journal        = "Commun. Math. Phys.",
      volume         = "265",
      year           = "2006",
      pages          = "781-804",
      doi            = "10.1007/s00220-006-0030-4",
      eprint         = "math-ph/0507008",
      archivePrefix  = "arXiv",
      primaryClass   = "math-ph",
      SLACcitation   = "%%CITATION = MATH-PH/0507008;%%"
}

@article{Hastings:2010loc,
      author         = "Hastings, Matthew B.",
      title          = "{Locality in quantum systems}",
      eprint=    "1008.5137",
      archivePrefix  = "arXiv",
      primaryClass   = "math-ph",
      year           = "2010",
}

@article{Roberts:2016wdl,
      author         = "Roberts, Daniel A. and Swingle, Brian",
      title          = "{Lieb-Robinson and the butterfly effect}",
      year           = "2016",
      eprint         = "1603.09298",
      archivePrefix  = "arXiv",
      primaryClass   = "hep-th",
      reportNumber   = "MIT-CTP-4794",
      SLACcitation   = "%%CITATION = ARXIV:1603.09298;%%"
}

%%%%%%%%%%%%%%%%%%%%%%%%%
% papers on hyperscaling

@article{Iizuka:2011hg,
      author         = "Iizuka, Norihiro and Kundu, Nilay and Narayan, Prithvi
                        and Trivedi, Sandip P.",
      title          = "{Holographic Fermi and Non-Fermi Liquids with Transitions
                        in Dilaton Gravity}",
      journal        = "JHEP",
      volume         = "01",
      year           = "2012",
      pages          = "094",
      doi            = "10.1007/JHEP01(2012)094",
      eprint         = "1105.1162",
      archivePrefix  = "arXiv",
      primaryClass   = "hep-th",
      reportNumber   = "CERN-PH-TH-2011-101, TIFR-TH-11-20",
      SLACcitation   = "%%CITATION = ARXIV:1105.1162;%%"
}

@article{Swingle:2011np,
      author         = "Swingle, Brian and Senthil, T.",
      title          = "{Universal crossovers between entanglement entropy and
                        thermal entropy}",
      journal        = "Phys. Rev.",
      volume         = "B87",
      year           = "2013",
      number         = "4",
      pages          = "045123",
      doi            = "10.1103/PhysRevB.87.045123",
      eprint         = "1112.1069",
      archivePrefix  = "arXiv",
      primaryClass   = "cond-mat.str-el",
      SLACcitation   = "%%CITATION = ARXIV:1112.1069;%%"
}

@article{Dong:2012se,
      author         = "Dong, Xi and Harrison, Sarah and Kachru, Shamit and
                        Torroba, Gonzalo and Wang, Huajia",
      title          = "{Aspects of holography for theories with hyperscaling
                        violation}",
      journal        = "JHEP",
      volume         = "06",
      year           = "2012",
      pages          = "041",
      doi            = "10.1007/JHEP06(2012)041",
      eprint         = "1201.1905",
      archivePrefix  = "arXiv",
      primaryClass   = "hep-th",
      reportNumber   = "SLAC-PUB-14850, SU-ITP-12-01",
      SLACcitation   = "%%CITATION = ARXIV:1201.1905;%%"
}


%%%%%%%%%%%%%%%%%%%%%%%%%
% papers on complexity

@article{Lloyd2000:ult,
      author         = "Lloyd, Seth",
      title          = "{Ultimate physical limits to computation}",
      journal        = "Nature",
      volume         = "406",
      year           = "2000",
      number         = "6799",
      pages          = "1047-1054",
      eprint         = "quant-ph/9908043",
      archivePrefix  = "arXiv",
      primaryClass   = "quant-ph",
}

@article{Dowling2006:gt,
      author         = "Dowling, Mark R and Nielsen, Michael A",
      title          = "{The geometry of quantum computation}",
      eprint         = "quant-ph/0701004",
      archivePrefix  = "arXiv",
      primaryClass   = "quant-ph"
}

@article{Brandao:2012qcp,
      author         = "Brandao, Fernando G S L and Harrow, Aram W and Horodecki, Michal",
      title          = "{Local random quantum circuits are approximate polynomial-designs}",
      eprint         = "1208.0692",
      archivePrefix  = "arXiv",
      primaryClass   = "quant-ph"
}

@article{Osborne2012:cr1,
      author         = "Osborne, T. J.",
      title          = "{Hamiltonian complexity}",
      journal        = "Reports on Progress in Physics",
      volume         = "75",
      year           = "2012",
      pages          = "022001",
      doi            = "10.1088/0034-4885/75/2/022001",
      eprint         = "1106.5875",
      archivePrefix  = "arXiv",
      primaryClass   = "quant-ph",
}

@article{Gharibian2014:cr2,
      author         = "Gharibian, S. and Huang, Y. and Landau, Z. and Shin, S. W.",
      title          = "{Quantum Hamiltonian Complexity}",
      eprint         = "1401.3916",
      archivePrefix  = "arXiv",
      primaryClass   = "quant-ph",
}

@article{Susskind:2014rva,
      author         = "Susskind, Leonard",
      title          = "{Computational Complexity and Black Hole Horizons}",
      journal        = "Fortsch. Phys.",
      volume         = "64",
      year           = "2016",
      pages          = "24-43",
      doi            = "10.1002/prop.201500092",
      eprint         = "1402.5674",
      archivePrefix  = "arXiv",
      primaryClass   = "hep-th",
      reportNumber   = "arXiv:1402.5674",
      SLACcitation   = "%%CITATION = ARXIV:1402.5674;%%"
}

@article{Susskind:2014ira,
      author         = "Susskind, Leonard",
      title          = "{Addendum to Computational Complexity and Black Hole
                        Horizons}",
      year           = "2014",
      eprint         = "1403.5695",
      archivePrefix  = "arXiv",
      primaryClass   = "hep-th",
      SLACcitation   = "%%CITATION = ARXIV:1403.5695;%%",
}

@article{Stanford:2014jda,
      author         = "Stanford, Douglas and Susskind, Leonard",
      title          = "{Complexity and Shock Wave Geometries}",
      journal        = "Phys. Rev.",
      volume         = "D90",
      year           = "2014",
      number         = "12",
      pages          = "126007",
      doi            = "10.1103/PhysRevD.90.126007",
      eprint         = "1406.2678",
      archivePrefix  = "arXiv",
      primaryClass   = "hep-th",
      SLACcitation   = "%%CITATION = ARXIV:1406.2678;%%"
}

@article{Susskind:2014jwa,
      author         = "Susskind, Leonard and Zhao, Ying",
      title          = "{Switchbacks and the Bridge to Nowhere}",
      year           = "2014",
      eprint         = "1408.2823",
      archivePrefix  = "arXiv",
      primaryClass   = "hep-th",
      SLACcitation   = "%%CITATION = ARXIV:1408.2823;%%"
}

@article{Susskind:2015toa,
      author         = "Susskind, Leonard",
      title          = "{The Typical-State Paradox: Diagnosing Horizons with
                        Complexity}",
      journal        = "Fortsch. Phys.",
      volume         = "64",
      year           = "2016",
      pages          = "84-91",
      doi            = "10.1002/prop.201500091",
      eprint         = "1507.02287",
      archivePrefix  = "arXiv",
      primaryClass   = "hep-th",
      SLACcitation   = "%%CITATION = ARXIV:1507.02287;%%"
}

@article{Brown:2015bva,
      author         = "Brown, Adam R. and Roberts, Daniel A. and Susskind,
                        Leonard and Swingle, Brian and Zhao, Ying",
      title          = "{Complexity Equals Action}",
      year           = "2015",
      eprint         = "1509.07876",
      archivePrefix  = "arXiv",
      primaryClass   = "hep-th",
      SLACcitation   = "%%CITATION = ARXIV:1509.07876;%%"
}

@article{Barbon:2015ria,
      author         = "Barbon, Jose L. F. and Rabinovici, Eliezer",
      title          = "{Holographic complexity and spacetime singularities}",
      journal        = "JHEP",
      volume         = "01",
      year           = "2016",
      pages          = "084",
      doi            = "10.1007/JHEP01(2016)084",
      eprint         = "1509.09291",
      archivePrefix  = "arXiv",
      primaryClass   = "hep-th",
      SLACcitation   = "%%CITATION = ARXIV:1509.09291;%%"
}

@article{Barbon:2015soa,
      author         = "Barbon, Jose L. F. and Martin-Garcia, Javier",
      title          = "{Holographic Complexity Of Cold Hyperbolic Black Holes}",
      journal        = "JHEP",
      volume         = "11",
      year           = "2015",
      pages          = "181",
      doi            = "10.1007/JHEP11(2015)181",
      eprint         = "1510.00349",
      archivePrefix  = "arXiv",
      primaryClass   = "hep-th",
      SLACcitation   = "%%CITATION = ARXIV:1510.00349;%%"
}

@article{Brown:2015lvg,
      author         = "Brown, Adam and Roberts, Daniel A. and Susskind, Leonard
                        and Swingle, Brian and Zhao, Ying",
      title          = "{Complexity, Action, and Black Holes}",
      year           = "2015",
      eprint         = "1512.04993",
      archivePrefix  = "arXiv",
      primaryClass   = "hep-th",
      SLACcitation   = "%%CITATION = ARXIV:1512.04993;%%"
}

%%%%%%%%%%%%%%%%%%%%%%%%%
% entanglement

@article{Einstein:1935rr,
      author         = "Einstein, Albert and Podolsky, Boris and Rosen, Nathan",
      title          = "{Can quantum mechanical description of physical reality
                        be considered complete?}",
      journal        = "Phys. Rev.",
      volume         = "47",
      year           = "1935",
      pages          = "777-780",
      doi            = "10.1103/PhysRev.47.777",
      SLACcitation   = "%%CITATION = PHRVA,47,777;%%"
}

@article{Fannes:1973cty,
      author         = "Fannes, Mark",
      title          = "{A continuity property of the entropy 
                        density for spin lattice systems}",
      journal        = "Communications in Mathematical Physics",
      volume         = "31",
      number         = "4",
      year           = "1973",
      pages          = "291",
}

@article{Fattal:2004ent,
      author         = "Fattal, David and Cubitt, Toby S and Yamamoto, Yoshihisa and Bravyi, Sergey and Chuang, Isaac L.",
      title          = "{Entanglement in the stabilizer formalism}",
      year           = "2004",
      eprint         = "quant-ph/0406168",
      archivePrefix  = "arXiv",
      primaryClass   = "quant-ph",
}

@article{Calabrese:2005in,
      author         = "Calabrese, Pasquale and Cardy, John L.",
      title          = "{Evolution of entanglement entropy in one-dimensional
                        systems}",
      journal        = "J. Stat. Mech.",
      volume         = "0504",
      year           = "2005",
      pages          = "P04010",
      doi            = "10.1088/1742-5468/2005/04/P04010",
      eprint         = "cond-mat/0503393",
      archivePrefix  = "arXiv",
      primaryClass   = "cond-mat",
      SLACcitation   = "%%CITATION = COND-MAT/0503393;%%"
}

@article{Kitaev:2005dm,
      author         = "Kitaev, Alexei and Preskill, John",
      title          = "{Topological entanglement entropy}",
      journal        = "Phys. Rev. Lett.",
      volume         = "96",
      year           = "2006",
      pages          = "110404",
      doi            = "10.1103/PhysRevLett.96.110404",
      eprint         = "hep-th/0510092",
      archivePrefix  = "arXiv",
      primaryClass   = "hep-th",
      reportNumber   = "CALT-68-2578",
      SLACcitation   = "%%CITATION = HEP-TH/0510092;%%"
}

@article{Ryu:2006ef,
      author         = "Ryu, Shinsei and Takayanagi, Tadashi",
      title          = "{Aspects of Holographic Entanglement Entropy}",
      journal        = "JHEP",
      volume         = "08",
      year           = "2006",
      pages          = "045",
      doi            = "10.1088/1126-6708/2006/08/045",
      eprint         = "hep-th/0605073",
      archivePrefix  = "arXiv",
      primaryClass   = "hep-th",
      reportNumber   = "NSF-KITP-06-31, KUNS-2021",
      SLACcitation   = "%%CITATION = HEP-TH/0605073;%%"
}

@article{Levin:2006zz,
      author         = "Levin, Michael and Wen, Xiao-Gang",
      title          = "{Detecting Topological Order in a Ground State Wave
                        Function}",
      journal        = "Phys. Rev. Lett.",
      volume         = "96",
      year           = "2006",
      pages          = "110405",
      doi            = "10.1103/PhysRevLett.96.110405",
      SLACcitation   = "%%CITATION = PRLTA,96,110405;%%"
}

@article{Audenaert:2006shp,
      author         = "Audenaert, Koenraad M R",
      title          = "{A sharp Fannes-type inequality for 
                        the von Neumann entropy}",
      year           = "2006",
      eprint         = "quant-ph/0610146",
      archivePrefix  = "arXiv",
      primaryClass   = "quant-ph", 
}

@article{Calabrese:2007rg,
      author         = "Calabrese, Pasquale and Cardy, John",
      title          = "{Quantum Quenches in Extended Systems}",
      journal        = "J. Stat. Mech.",
      volume         = "0706",
      year           = "2007",
      pages          = "P06008",
      doi            = "10.1088/1742-5468/2007/06/P06008",
      eprint         = "0704.1880",
      archivePrefix  = "arXiv",
      primaryClass   = "cond-mat.stat-mech",
      SLACcitation   = "%%CITATION = ARXIV:0704.1880;%%"
}

@article{Calabrese:2009qy,
      author         = "Calabrese, Pasquale and Cardy, John",
      title          = "{Entanglement entropy and conformal field theory}",
      journal        = "J. Phys.",
      volume         = "A42",
      year           = "2009",
      pages          = "504005",
      doi            = "10.1088/1751-8113/42/50/504005",
      eprint         = "0905.4013",
      archivePrefix  = "arXiv",
      primaryClass   = "cond-mat.stat-mech",
      SLACcitation   = "%%CITATION = ARXIV:0905.4013;%%"
}

@article{VanRaamsdonk:2010pw,
      author         = "Van Raamsdonk, Mark",
      title          = "{Building up spacetime with quantum entanglement}",
      journal        = "Gen. Rel. Grav.",
      volume         = "42",
      year           = "2010",
      pages          = "2323-2329",
      doi            = "10.1007/s10714-010-1034-0, 10.1142/S0218271810018529",
      note           = "[Int. J. Mod. Phys.D19,2429(2010)]",
      eprint         = "1005.3035",
      archivePrefix  = "arXiv",
      primaryClass   = "hep-th",
      SLACcitation   = "%%CITATION = ARXIV:1005.3035;%%"
}

@article{Balasubramanian:2011at,
      author         = "Balasubramanian, V. and Bernamonti, A. and Copland, N.
                        and Craps, B. and Galli, F.",
      title          = "{Thermalization of mutual and tripartite information in
                        strongly coupled two dimensional conformal field
                        theories}",
      journal        = "Phys. Rev.",
      volume         = "D84",
      year           = "2011",
      pages          = "105017",
      doi            = "10.1103/PhysRevD.84.105017",
      eprint         = "1110.0488",
      archivePrefix  = "arXiv",
      primaryClass   = "hep-th",
      SLACcitation   = "%%CITATION = ARXIV:1110.0488;%%"
}

@article{Hayden:2011ag,
      author         = "Hayden, Patrick and Headrick, Matthew and Maloney,
                        Alexander",
      title          = "{Holographic Mutual Information is Monogamous}",
      journal        = "Phys. Rev.",
      volume         = "D87",
      year           = "2013",
      number         = "4",
      pages          = "046003",
      doi            = "10.1103/PhysRevD.87.046003",
      eprint         = "1107.2940",
      archivePrefix  = "arXiv",
      primaryClass   = "hep-th",
      reportNumber   = "BRX-TH-638",
      SLACcitation   = "%%CITATION = ARXIV:1107.2940;%%"
}

@article{Allais:2011ys,
      author         = "Allais, Andrea and Tonni, Erik",
      title          = "{Holographic evolution of the mutual information}",
      journal        = "JHEP",
      volume         = "01",
      year           = "2012",
      pages          = "102",
      doi            = "10.1007/JHEP01(2012)102",
      eprint         = "1110.1607",
      archivePrefix  = "arXiv",
      primaryClass   = "hep-th",
      SLACcitation   = "%%CITATION = ARXIV:1110.1607;%%"
}

@article{Maldacena:2013xja,
      author         = "Maldacena, Juan and Susskind, Leonard",
      title          = "{Cool horizons for entangled black holes}",
      journal        = "Fortsch. Phys.",
      volume         = "61",
      year           = "2013",
      pages          = "781-811",
      doi            = "10.1002/prop.201300020",
      eprint         = "1306.0533",
      archivePrefix  = "arXiv",
      primaryClass   = "hep-th",
      SLACcitation   = "%%CITATION = ARXIV:1306.0533;%%"
}

@article{Numasawa:2016emc,
      author         = "Numasawa, Tokiro and Shiba, Noburo and Takayanagi,
                        Tadashi and Watanabe, Kento",
      title          = "{EPR Pairs, Local Projections and Quantum Teleportation
                        in Holography}",
      journal        = "JHEP",
      volume         = "08",
      year           = "2016",
      pages          = "077",
      doi            = "10.1007/JHEP08(2016)077",
      eprint         = "1604.01772",
      archivePrefix  = "arXiv",
      primaryClass   = "hep-th",
      reportNumber   = "YITP-16-47, IPMU16-0043",
      SLACcitation   = "%%CITATION = ARXIV:1604.01772;%%"
}


@article{Yoshida,
      author         = "Beni Yoshida and OTHERS ? ",
    title          = "{To appear}",
                            }


@article{Susskind:2014yaa,
      author         = "Susskind, Leonard",
      title          = "{ER=EPR, GHZ, and the consistency of quantum
                        measurements}",
      journal        = "Fortsch. Phys.",
      volume         = "64",
      year           = "2016",
      pages          = "72-83",
      doi            = "10.1002/prop.201500094",
      eprint         = "1412.8483",
      archivePrefix  = "arXiv",
      primaryClass   = "hep-th",
      SLACcitation   = "%%CITATION = ARXIV:1412.8483;%%"
}

@article{Susskind:2016jjb,
      author         = "Susskind, Leonard",
      title          = "{Copenhagen vs Everett, Teleportation, and ER=EPR}",
      journal        = "Fortsch. Phys.",
      volume         = "64",
      year           = "2016",
      number         = "6-7",
      pages          = "551-564",
      doi            = "10.1002/prop.201600036",
      eprint         = "1604.02589",
      archivePrefix  = "arXiv",
      primaryClass   = "hep-th",
      SLACcitation   = "%%CITATION = ARXIV:1604.02589;%%"
}

@article{Kim:2013bc,
      author         = "Kim, Hyungwon and Huse, David A",
      title          = "{Ballistic spreading of entanglement 
                        in a diffusive nonintegrable system}",
      journal        = "Phys. Rev. Lett.",
      volume         = "111",
      year           = "2013",
      pages          = "127205",
      doi            = "10.1103/PhysRevLett.111.127205",
      eprint         = "1306.4306",
      archivePrefix  = "arXiv",
      primaryClass   = "quant-ph",
}

@article{Liu:2013iza,
      author         = "Liu, Hong and Suh, S. Josephine",
      title          = "{Entanglement Tsunami: Universal Scaling in Holographic
                        Thermalization}",
      journal        = "Phys. Rev. Lett.",
      volume         = "112",
      year           = "2014",
      pages          = "011601",
      doi            = "10.1103/PhysRevLett.112.011601",
      eprint         = "1305.7244",
      archivePrefix  = "arXiv",
      primaryClass   = "hep-th",
      reportNumber   = "MIT-CTP-4475",
      SLACcitation   = "%%CITATION = ARXIV:1305.7244;%%"
}

@article{Liu:2013qca,
      author         = "Liu, Hong and Suh, S. Josephine",
      title          = "{Entanglement growth during thermalization in holographic
                        systems}",
      journal        = "Phys. Rev.",
      volume         = "D89",
      year           = "2014",
      number         = "6",
      pages          = "066012",
      doi            = "10.1103/PhysRevD.89.066012",
      eprint         = "1311.1200",
      archivePrefix  = "arXiv",
      primaryClass   = "hep-th",
      reportNumber   = "MIT-CTP-4510",
      SLACcitation   = "%%CITATION = ARXIV:1311.1200;%%"
}

@article{Gharibyan:2013aha,
      author         = "Gharibyan, Hrant and Penna, Robert F.",
      title          = "{Are entangled particles connected by wormholes? Evidence
                        for the ER=EPR conjecture from entropy inequalities}",
      journal        = "Phys. Rev.",
      volume         = "D89",
      year           = "2014",
      number         = "6",
      pages          = "066001",
      doi            = "10.1103/PhysRevD.89.066001",
      eprint         = "1308.0289",
      archivePrefix  = "arXiv",
      primaryClass   = "hep-th",
      SLACcitation   = "%%CITATION = ARXIV:1308.0289;%%"
}
@article{Caputa:2014eta,
      author         = "Caputa, Pawel and Simon, Joan and Stikonas, Andrius and
                        Takayanagi, Tadashi",
      title          = "{Quantum Entanglement of Localized Excited States at
                        Finite Temperature}",
      journal        = "JHEP",
      volume         = "01",
      year           = "2015",
      pages          = "102",
      doi            = "10.1007/JHEP01(2015)102",
      eprint         = "1410.2287",
      archivePrefix  = "arXiv",
      primaryClass   = "hep-th",
      reportNumber   = "YITP-14-76, IPMU14-0311",
      SLACcitation   = "%%CITATION = ARXIV:1410.2287;%%"
}

@article{Leichenauer:2015xra,
      author         = "Leichenauer, Stefan and Moosa, Mudassir",
      title          = "{Entanglement Tsunami in (1+1)-Dimensions}",
      journal        = "Phys. Rev.",
      volume         = "D92",
      year           = "2015",
      pages          = "126004",
      doi            = "10.1103/PhysRevD.92.126004",
      eprint         = "1505.04225",
      archivePrefix  = "arXiv",
      primaryClass   = "hep-th",
      SLACcitation   = "%%CITATION = ARXIV:1505.04225;%%"
}

@article{Rangamani:2015qwa,
      author         = "Rangamani, Mukund and Rota, Massimiliano",
      title          = "{Entanglement structures in qubit systems}",
      journal        = "J. Phys.",
      volume         = "A48",
      year           = "2015",
      number         = "38",
      pages          = "385301",
      doi            = "10.1088/1751-8113/48/38/385301",
      eprint         = "1505.03696",
      archivePrefix  = "arXiv",
      primaryClass   = "hep-th",
      SLACcitation   = "%%CITATION = ARXIV:1505.03696;%%"
}

@article{Casini:2015zua,
      author         = "Casini, Horacio and Liu, Hong and Mezei, Mark",
      title          = "{Spread of entanglement and causality}",
      year           = "2015",
      eprint         = "1509.05044",
      archivePrefix  = "arXiv",
      primaryClass   = "hep-th",
      SLACcitation   = "%%CITATION = ARXIV:1509.05044;%%"
}


%%%%%%%%%%%%%%%%%%%%%%%%%
% tensor networks and quantum codes

@article{Vidal:2007hda,
      author         = "Vidal, G.",
      title          = "{Entanglement Renormalization}",
      journal        = "Phys. Rev. Lett.",
      volume         = "99",
      year           = "2007",
      number         = "22",
      pages          = "220405",
      doi            = "10.1103/PhysRevLett.99.220405",
      eprint         = "cond-mat/0512165",
      archivePrefix  = "arXiv",
      primaryClass   = "cond-mat",
      SLACcitation   = "%%CITATION = COND-MAT/0512165;%%"
}

@article{Swingle:2009bg,
      author         = "Swingle, Brian",
      title          = "{Entanglement Renormalization and Holography}",
      journal        = "Phys. Rev.",
      volume         = "D86",
      year           = "2012",
      pages          = "065007",
      doi            = "10.1103/PhysRevD.86.065007",
      eprint         = "0905.1317",
      archivePrefix  = "arXiv",
      primaryClass   = "cond-mat.str-el",
      SLACcitation   = "%%CITATION = ARXIV:0905.1317;%%"
}

@article{Yoshida:2010frm,
      author         = "Yoshida, Beni and Chuang, Isaac L",
      title          = "{Framework for classifying logical 
                        operators in stabilizer codes}",
      journal        = "Phys. Rev.",
      volume         = "A81",
      year           = "2010",
      pages          = "052302",
      doi            = "10.1103/PhysRevA.81.052302",
      eprint         = "1002.0085",
      archivePrefix  = "arXiv",
      primaryClass   = "quant-ph",
}

@article{Evenbly:2011aa,
      author         = "Evenbly, G. and Vidal, G.",
      title          = "{Tensor Network States and Geometry}",
      journal        = "Journal of Statistical Physics",
      volume         = "145",
      year           = "2011",
      pages          = "891-918",
      doi            = "10.1007/s10955-011-0237-4",
      eprint         = "1106.1082",
      archivePrefix  = "arXiv",
      primaryClass   = "quant-ph",
}

@article{Swingle:2012bk,
      author         = "Swingle, Brian",
      title          = "{Entanglement sum rules in exactly solvable models}",
      journal        = "Phys. Rev. Lett.",
      volume         = "111",
      year           = "2013",
      pages          = "100405",
      doi            = "10.1103/PhysRevLett.111.100405",
      eprint         = "1209.0769",
      archivePrefix  = "arXiv",
      primaryClass   = "cond-mat.str-el",
      SLACcitation   = "%%CITATION = ARXIV:1209.0769;%%"
}

@misc{Maldacena:2013t1,
      author         = "Maldacena, Juan",
      note           = "Talk at KITP, August 20, 2013",
      title          = "Spacetime from Entanglement",
      year           = "2015",
}

@article{Hartman:2013qma,
      author         = "Hartman, Thomas and Maldacena, Juan",
      title          = "{Time Evolution of Entanglement Entropy from Black Hole
                        Interiors}",
      journal        = "JHEP",
      volume         = "05",
      year           = "2013",
      pages          = "014",
      doi            = "10.1007/JHEP05(2013)014",
      eprint         = "1303.1080",
      archivePrefix  = "arXiv",
      primaryClass   = "hep-th",
      SLACcitation   = "%%CITATION = ARXIV:1303.1080;%%"
}

@article{Pastawski:2015qua,
      author         = "Pastawski, Fernando and Yoshida, Beni and Harlow, Daniel
                        and Preskill, John",
      title          = "{Holographic quantum error-correcting codes: Toy models
                        for the bulk/boundary correspondence}",
      journal        = "JHEP",
      volume         = "06",
      year           = "2015",
      pages          = "149",
      doi            = "10.1007/JHEP06(2015)149",
      eprint         = "1503.06237",
      archivePrefix  = "arXiv",
      primaryClass   = "hep-th",
      SLACcitation   = "%%CITATION = ARXIV:1503.06237;%%"
}

@article{Czech:2015qta,
      author         = "Czech, Bartlomiej and Lamprou, Lampros and McCandlish,
                        Samuel and Sully, James",
      title          = "{Integral Geometry and Holography}",
      journal        = "JHEP",
      volume         = "10",
      year           = "2015",
      pages          = "175",
      doi            = "10.1007/JHEP10(2015)175",
      eprint         = "1505.05515",
      archivePrefix  = "arXiv",
      primaryClass   = "hep-th",
      reportNumber   = "SU-ITP-15-07",
      SLACcitation   = "%%CITATION = ARXIV:1505.05515;%%"
}

@article{Czech:2015xna,
      author         = "Czech, Bartlomiej and Evenbly, Glen and Lamprou, Lampros
                        and McCandlish, Samuel and Qi, Xiao-Liang and Sully, James
                        and Vidal, Guifre",
      title          = "{A tensor network quotient takes the vacuum to the
                        thermal state}",
      year           = "2015",
      eprint         = "1510.07637",
      archivePrefix  = "arXiv",
      primaryClass   = "cond-mat.str-el",
      SLACcitation   = "%%CITATION = ARXIV:1510.07637;%%"
}

@article{Czech:2015kbp,
      author         = "Czech, Bartlomiej and Lamprou, Lampros and McCandlish,
                        Samuel and Sully, James",
      title          = "{Tensor Networks from Kinematic Space}",
      year           = "2015",
      eprint         = "1512.01548",
      archivePrefix  = "arXiv",
      primaryClass   = "hep-th",
      reportNumber   = "SU-ITP-15-18, SLAC-PUB-16292",
      SLACcitation   = "%%CITATION = ARXIV:1512.01548;%%"
}

@article{Hastings:2015ran,
      author         = "Hastings, Matthew B.",
      title          = "{Random MERA States and the Tightness of the Brandao-Horodecki Entropy Bound}",
      year           = "2015",
      archivePrefix  = "arXiv",
      eprint         = "1505.06468",
      primaryClass   = "quant-ph",
}

@article{Yang:2015uoa,
      author         = "Yang, Zhao and Hayden, Patrick and Qi, Xiao-Liang",
      title          = "{Bidirectional holographic codes and sub-AdS locality}",
      journal        = "JHEP",
      volume         = "01",
      year           = "2016",
      pages          = "175",
      doi            = "10.1007/JHEP01(2016)175",
      eprint         = "1510.03784",
      archivePrefix  = "arXiv",
      primaryClass   = "hep-th",
      SLACcitation   = "%%CITATION = ARXIV:1510.03784;%%"
}

@article{Hayden:2016cfa,
      author         = "Hayden, Patrick and Nezami, Sepehr and Qi, Xiao-Liang and
                        Thomas, Nathaniel and Walter, Michael and Yang, Zhao",
      title          = "{Holographic duality from random tensor networks}",
      year           = "2016",
      eprint         = "1601.01694",
      archivePrefix  = "arXiv",
      primaryClass   = "hep-th",
      SLACcitation   = "%%CITATION = ARXIV:1601.01694;%%"
}

@article{Israel:1976ur,
      author         = "Israel, W.",
      title          = "{Thermo field dynamics of black holes}",
      journal        = "Phys. Lett.",
      volume         = "A57",
      year           = "1976",
      pages          = "107-110",
      doi            = "10.1016/0375-9601(76)90178-X",
      SLACcitation   = "%%CITATION = PHLTA,A57,107;%%"
}

@article{Maldacena:2001kr,
      author         = "Maldacena, Juan Martin",
      title          = "{Eternal black holes in anti-de Sitter}",
      journal        = "JHEP",
      volume         = "04",
      year           = "2003",
      pages          = "021",
      doi            = "10.1088/1126-6708/2003/04/021",
      eprint         = "hep-th/0106112",
      archivePrefix  = "arXiv",
      primaryClass   = "hep-th",
      reportNumber   = "NSF-ITP-01-59",
      SLACcitation   = "%%CITATION = HEP-TH/0106112;%%"
}

%%%%%%%%%%%%%%%%%%%%%%%%%
% AMPS etc.

@article{Almheiri:2012rt,
      author         = "Almheiri, Ahmed and Marolf, Donald and Polchinski, Joseph
                        and Sully, James",
      title          = "{Black Holes: Complementarity or Firewalls?}",
      journal        = "JHEP",
      volume         = "02",
      year           = "2013",
      pages          = "062",
      doi            = "10.1007/JHEP02(2013)062",
      eprint         = "1207.3123",
      archivePrefix  = "arXiv",
      primaryClass   = "hep-th",
      SLACcitation   = "%%CITATION = ARXIV:1207.3123;%%"
}

@article{Almheiri:2013hfa,
      author         = "Almheiri, Ahmed and Marolf, Donald and Polchinski, Joseph
                        and Stanford, Douglas and Sully, James",
      title          = "{An Apologia for Firewalls}",
      journal        = "JHEP",
      volume         = "09",
      year           = "2013",
      pages          = "018",
      doi            = "10.1007/JHEP09(2013)018",
      eprint         = "1304.6483",
      archivePrefix  = "arXiv",
      primaryClass   = "hep-th",
      SLACcitation   = "%%CITATION = ARXIV:1304.6483;%%"
}

@article{Marolf:2013dba,
      author         = "Marolf, Donald and Polchinski, Joseph",
      title          = "{Gauge/Gravity Duality and the Black Hole Interior}",
      journal        = "Phys. Rev. Lett.",
      volume         = "111",
      year           = "2013",
      pages          = "171301",
      doi            = "10.1103/PhysRevLett.111.171301",
      eprint         = "1307.4706",
      archivePrefix  = "arXiv",
      primaryClass   = "hep-th",
      SLACcitation   = "%%CITATION = ARXIV:1307.4706;%%"
}

@article{Marolf:2015vma,
      author         = "Marolf, Donald and Maxfield, Henry and Peach, Alex and
                        Ross, Simon F.",
      title          = "{Hot multiboundary wormholes from bipartite
                        entanglement}",
      journal        = "Class. Quant. Grav.",
      volume         = "32",
      year           = "2015",
      number         = "21",
      pages          = "215006",
      doi            = "10.1088/0264-9381/32/21/215006",
      eprint         = "1506.04128",
      archivePrefix  = "arXiv",
      primaryClass   = "hep-th",
      SLACcitation   = "%%CITATION = ARXIV:1506.04128;%%"
}

%%%%%%%%%%%%%%%%%%%%%%%%%
% papers on shock waves

@article{Dray:1984ha,
      author         = "Dray, Tevian and 't Hooft, Gerard",
      title          = "{The Gravitational Shock Wave of a Massless Particle}",
      journal        = "Nucl. Phys.",
      volume         = "B253",
      year           = "1985",
      pages          = "173-188",
      doi            = "10.1016/0550-3213(85)90525-5",
      reportNumber   = "Print-84-0773 (UTRECHT)",
      SLACcitation   = "%%CITATION = NUPHA,B253,173;%%"
}

@article{Dray:1985yt,
      author         = "Dray, Tevian and 't Hooft, Gerard",
      title          = "{The Effect of Spherical Shells of Matter on the
                        Schwarzschild Black Hole}",
      journal        = "Commun. Math. Phys.",
      volume         = "99",
      year           = "1985",
      pages          = "613-625",
      doi            = "10.1007/BF01215912",
      reportNumber   = "Print-85-0107 (IAS,PRINCETON)",
      SLACcitation   = "%%CITATION = CMPHA,99,613;%%"
}

@article{Sfetsos:1994xa,
      author         = "Sfetsos, Konstadinos",
      title          = "{On gravitational shock waves in curved space-times}",
      journal        = "Nucl. Phys.",
      volume         = "B436",
      year           = "1995",
      pages          = "721-746",
      doi            = "10.1016/0550-3213(94)00573-W",
      eprint         = "hep-th/9408169",
      archivePrefix  = "arXiv",
      primaryClass   = "hep-th",
      reportNumber   = "THU-94-13",
      SLACcitation   = "%%CITATION = HEP-TH/9408169;%%"
}

@article{Horowitz:1999gf,
      author         = "Horowitz, Gary T. and Itzhaki, N.",
      title          = "{Black holes, shock waves, and causality in the AdS / CFT
                        correspondence}",
      journal        = "JHEP",
      volume         = "02",
      year           = "1999",
      pages          = "010",
      doi            = "10.1088/1126-6708/1999/02/010",
      eprint         = "hep-th/9901012",
      archivePrefix  = "arXiv",
      primaryClass   = "hep-th",
      SLACcitation   = "%%CITATION = HEP-TH/9901012;%%"
}

%%%%%%%%%%%%%%%%%%%%%%%%%
% string theory

@article{Zwiebach:1985uq,
      author         = "Zwiebach, Barton",
      title          = "{Curvature Squared Terms and String Theories}",
      journal        = "Phys. Lett.",
      volume         = "B156",
      year           = "1985",
      pages          = "315",
      doi            = "10.1016/0370-2693(85)91616-8",
      reportNumber   = "UCB-PTH-85/10",
      SLACcitation   = "%%CITATION = PHLTA,B156,315;%%"
}

@article{Boulware:1985wk,
      author         = "Boulware, David G. and Deser, Stanley",
      title          = "{String Generated Gravity Models}",
      journal        = "Phys. Rev. Lett.",
      volume         = "55",
      year           = "1985",
      pages          = "2656",
      doi            = "10.1103/PhysRevLett.55.2656",
      reportNumber   = "DOE-ER-40048-27 P5",
      SLACcitation   = "%%CITATION = PRLTA,55,2656;%%"
}

@article{Amati:1987uf,
      author         = "Amati, D. and Ciafaloni, M. and Veneziano, G.",
      title          = "{Classical and Quantum Gravity Effects from Planckian
                        Energy Superstring Collisions}",
      journal        = "Int. J. Mod. Phys.",
      volume         = "A3",
      year           = "1988",
      pages          = "1615-1661",
      doi            = "10.1142/S0217751X88000710",
      reportNumber   = "CERN-TH-4886/87",
      SLACcitation   = "%%CITATION = IMPAE,A3,1615;%%"
}

@article{tHooft:1990fr,
      author         = "'t Hooft, Gerard",
      title          = "{The black hole interpretation of string theory}",
      journal        = "Nucl. Phys.",
      volume         = "B335",
      year           = "1990",
      pages          = "138-154",
      doi            = "10.1016/0550-3213(90)90174-C",
      SLACcitation   = "%%CITATION = NUPHA,B335,138;%%"
}

@article{Strominger:1996sh,
      author         = "Strominger, Andrew and Vafa, Cumrun",
      title          = "{Microscopic origin of the Bekenstein-Hawking entropy}",
      journal        = "Phys. Lett.",
      volume         = "B379",
      year           = "1996",
      pages          = "99-104",
      doi            = "10.1016/0370-2693(96)00345-0",
      eprint         = "hep-th/9601029",
      archivePrefix  = "arXiv",
      primaryClass   = "hep-th",
      reportNumber   = "HUTP-96-A002, RU-96-01",
      SLACcitation   = "%%CITATION = HEP-TH/9601029;%%"
}

@article{ArkaniHamed:2006dz,
      author         = "Arkani-Hamed, Nima and Motl, Lubos and Nicolis, Alberto
                        and Vafa, Cumrun",
      title          = "{The String landscape, black holes and gravity as the
                        weakest force}",
      journal        = "JHEP",
      volume         = "06",
      year           = "2007",
      pages          = "060",
      doi            = "10.1088/1126-6708/2007/06/060",
      eprint         = "hep-th/0601001",
      archivePrefix  = "arXiv",
      primaryClass   = "hep-th",
      reportNumber   = "HUTP-05-A0057",
      SLACcitation   = "%%CITATION = HEP-TH/0601001;%%"
}

@article{Barrella:2013wja,
    author = "Barrella, Taylor and Dong, Xi and Hartnoll, Sean A. and Martin, Victoria L.",
    title = "{Holographic entanglement beyond classical gravity}",
    eprint = "1306.4682",
    archivePrefix = "arXiv",
    primaryClass = "hep-th",
    reportNumber = "SU-ITP-13-10",
    doi = "10.1007/JHEP09(2013)109",
    journal = "JHEP",
    volume = "09",
    pages = "109",
    year = "2013"
}

@article{Denef:2009tp,
      author         = "Denef, Frederik and Hartnoll, Sean A.",
      title          = "{Landscape of superconducting membranes}",
      journal        = "Phys. Rev.",
      volume         = "D79",
      year           = "2009",
      pages          = "126008",
      doi            = "10.1103/PhysRevD.79.126008",
      eprint         = "0901.1160",
      archivePrefix  = "arXiv",
      primaryClass   = "hep-th",
      SLACcitation   = "%%CITATION = ARXIV:0901.1160;%%"
}

@article{Iqbal:2011in,
      author         = "Iqbal, Nabil and Liu, Hong and Mezei, Mark",
      title          = "{Semi-local quantum liquids}",
      journal        = "JHEP",
      volume         = "04",
      year           = "2012",
      pages          = "086",
      doi            = "10.1007/JHEP04(2012)086",
      eprint         = "1105.4621",
      archivePrefix  = "arXiv",
      primaryClass   = "hep-th",
      reportNumber   = "MIT-CTP-4267",
      SLACcitation   = "%%CITATION = ARXIV:1105.4621;%%"
}

%%%%%%%%%%%%%%%%%%%%%%%%%
% CFT

@article{Belavin:1984vu,
      author         = "Belavin, A. A. and Polyakov, Alexander M. and
                        Zamolodchikov, A. B.",
      title          = "{Infinite Conformal Symmetry in Two-Dimensional Quantum
                        Field Theory}",
      journal        = "Nucl. Phys.",
      volume         = "B241",
      year           = "1984",
      pages          = "333-380",
      doi            = "10.1016/0550-3213(84)90052-X",
      reportNumber   = "CERN-TH-3827",
      SLACcitation   = "%%CITATION = NUPHA,B241,333;%%"
}

@article{Mattis:1986mj,
      author         = "Mattis, Michael P.",
      title          = "{Correlations in Two-dimensional Critical Theories}",
      journal        = "Nucl. Phys.",
      volume         = "B285",
      year           = "1987",
      pages          = "671",
      doi            = "10.1016/0550-3213(87)90361-0",
      reportNumber   = "SLAC-PUB-4051",
      SLACcitation   = "%%CITATION = NUPHA,B285,671;%%"
}

@inproceedings{Ginsparg:1988ui,
      author         = "Ginsparg, Paul H.",
      title          = "{Applied Conformal Field Theory}",
      booktitle      = "{Les Houches Summer School in Theoretical Physics:
                        Fields, Strings, Critical Phenomena Les Houches, France,
                        June 28-August 5, 1988}",
      year           = "1988",
      eprint         = "hep-th/9108028",
      archivePrefix  = "arXiv",
      primaryClass   = "hep-th",
      reportNumber   = "HUTP-88-A054, C88-06-28",
      SLACcitation   = "%%CITATION = HEP-TH/9108028;%%"
}


@article{Dolan:2000ut,
      author         = "Dolan, F. A. and Osborn, H.",
      title          = "{Conformal four point functions and the operator product
                        expansion}",
      journal        = "Nucl. Phys.",
      volume         = "B599",
      year           = "2001",
      pages          = "459-496",
      doi            = "10.1016/S0550-3213(01)00013-X",
      eprint         = "hep-th/0011040",
      archivePrefix  = "arXiv",
      primaryClass   = "hep-th",
      reportNumber   = "DAMTP-2000-125",
      SLACcitation   = "%%CITATION = HEP-TH/0011040;%%"
}

@article{Camanho:2014apa,
      author         = "Camanho, Xian O. and Edelstein, Jose D. and Maldacena,
                        Juan and Zhiboedov, Alexander",
      title          = "{Causality Constraints on Corrections to the Graviton
                        Three-Point Coupling}",
      year           = "2014",
      eprint         = "1407.5597",
      archivePrefix  = "arXiv",
      primaryClass   = "hep-th",
      SLACcitation   = "%%CITATION = ARXIV:1407.5597;%%"
}

@article{Hartman:2015lfa,
      author         = "Hartman, Thomas and Jain, Sachin and Kundu, Sandipan",
      title          = "{Causality Constraints in Conformal Field Theory}",
      year           = "2015",
      eprint         = "1509.00014",
      archivePrefix  = "arXiv",
      primaryClass   = "hep-th",
      SLACcitation   = "%%CITATION = ARXIV:1509.00014;%%"
}


%%%%%%%%%%%%%%%%%%%%%%%%%
% holography

@article{tHooft:1973jz,
      author         = "'t Hooft, Gerard",
      title          = "{A Planar Diagram Theory for Strong Interactions}",
      journal        = "Nucl. Phys.",
      volume         = "B72",
      year           = "1974",
      pages          = "461",
      doi            = "10.1016/0550-3213(74)90154-0",
      reportNumber   = "CERN-TH-1786",
      SLACcitation   = "%%CITATION = NUPHA,B72,461;%%"
}

@inproceedings{tHooft:1993gx,
      author         = "'t Hooft, Gerard",
      title          = "{Dimensional reduction in quantum gravity}",
      booktitle      = "{Salamfest 1993:0284-296}",
      year           = "1993",
      pages          = "0284-296",
      eprint         = "gr-qc/9310026",
      archivePrefix  = "arXiv",
      primaryClass   = "gr-qc",
      reportNumber   = "THU-93-26",
      SLACcitation   = "%%CITATION = GR-QC/9310026;%%"
}

@article{Susskind:1994vu,
      author         = "Susskind, Leonard",
      title          = "{The World as a hologram}",
      journal        = "J. Math. Phys.",
      volume         = "36",
      year           = "1995",
      pages          = "6377-6396",
      doi            = "10.1063/1.531249",
      eprint         = "hep-th/9409089",
      archivePrefix  = "arXiv",
      primaryClass   = "hep-th",
      reportNumber   = "SU-ITP-94-33",
      SLACcitation   = "%%CITATION = HEP-TH/9409089;%%"
}

@article{Maldacena:1997re,
      author         = "Maldacena, Juan Martin",
      title          = "{The Large N limit of superconformal field theories and
                        supergravity}",
      journal        = "Int. J. Theor. Phys.",
      volume         = "38",
      year           = "1999",
      pages          = "1113-1133",
      doi            = "10.1023/A:1026654312961",
      note           = "[Adv. Theor. Math. Phys.2,231(1998)]",
      eprint         = "hep-th/9711200",
      archivePrefix  = "arXiv",
      primaryClass   = "hep-th",
      reportNumber   = "HUTP-97-A097, HUTP-98-A097",
      SLACcitation   = "%%CITATION = HEP-TH/9711200;%%"
}

@article{Witten:1998qj,
      author         = "Witten, Edward",
      title          = "{Anti-de Sitter space and holography}",
      journal        = "Adv. Theor. Math. Phys.",
      volume         = "2",
      year           = "1998",
      pages          = "253-291",
      eprint         = "hep-th/9802150",
      archivePrefix  = "arXiv",
      primaryClass   = "hep-th",
      reportNumber   = "IASSNS-HEP-98-15",
      SLACcitation   = "%%CITATION = HEP-TH/9802150;%%"
}

@article{Gubser:1998bc,
      author         = "Gubser, S. S. and Klebanov, Igor R. and Polyakov,
                        Alexander M.",
      title          = "{Gauge theory correlators from noncritical string
                        theory}",
      journal        = "Phys. Lett.",
      volume         = "B428",
      year           = "1998",
      pages          = "105-114",
      doi            = "10.1016/S0370-2693(98)00377-3",
      eprint         = "hep-th/9802109",
      archivePrefix  = "arXiv",
      primaryClass   = "hep-th",
      reportNumber   = "PUPT-1767",
      SLACcitation   = "%%CITATION = HEP-TH/9802109;%%"
}

@article{Banks:1998dd,
      author         = "Banks, Tom and Douglas, Michael R. and Horowitz, Gary T.
                        and Martinec, Emil J.",
      title          = "{AdS dynamics from conformal field theory}",
      year           = "1998",
      eprint         = "hep-th/9808016",
      archivePrefix  = "arXiv",
      primaryClass   = "hep-th",
      reportNumber   = "NSF-ITP-98-082, EFI-98-30",
      SLACcitation   = "%%CITATION = HEP-TH/9808016;%%"
}

@article{Balasubramanian:1998de,
      author         = "Balasubramanian, Vijay and Kraus, Per and Lawrence,
                        Albion E. and Trivedi, Sandip P.",
      title          = "{Holographic probes of anti-de Sitter space-times}",
      journal        = "Phys. Rev.",
      volume         = "D59",
      year           = "1999",
      pages          = "104021",
      doi            = "10.1103/PhysRevD.59.104021",
      eprint         = "hep-th/9808017",
      archivePrefix  = "arXiv",
      primaryClass   = "hep-th",
      reportNumber   = "HUTP-98-A057, CALT-68-2189, FERMILAB-PUB-98-240-T",
      SLACcitation   = "%%CITATION = HEP-TH/9808017;%%"
}


@article{Banks:1998dd,
      author         = "Banks, Tom and Douglas, Michael R. and Horowitz, Gary T.
                        and Martinec, Emil J.",
      title          = "{AdS dynamics from conformal field theory}",
      year           = "1998",
      eprint         = "hep-th/9808016",
      archivePrefix  = "arXiv",
      primaryClass   = "hep-th",
      reportNumber   = "NSF-ITP-98-082, EFI-98-30",
      SLACcitation   = "%%CITATION = HEP-TH/9808016;%%"
}

@article{Witten:1998zw,
      author         = "Witten, Edward",
      title          = "{Anti-de Sitter space, thermal phase transition, and
                        confinement in gauge theories}",
      journal        = "Adv. Theor. Math. Phys.",
      volume         = "2",
      year           = "1998",
      pages          = "505-532",
      doi            = "10.4310/ATMP.1998.v2.n3.a3",
      eprint         = "hep-th/9803131",
      archivePrefix  = "arXiv",
      primaryClass   = "hep-th",
      reportNumber   = "IASSNS-HEP-98-21",
      SLACcitation   = "%%CITATION = HEP-TH/9803131;%%"
}

@article{Bena:1999jv,
      author         = "Bena, Iosif",
      title          = "{On the construction of local fields in the bulk of
                        AdS(5) and other spaces}",
      journal        = "Phys. Rev.",
      volume         = "D62",
      year           = "2000",
      pages          = "066007",
      doi            = "10.1103/PhysRevD.62.066007",
      eprint         = "hep-th/9905186",
      archivePrefix  = "arXiv",
      primaryClass   = "hep-th",
      SLACcitation   = "%%CITATION = HEP-TH/9905186;%%"
}

@article{Aharony:1999ti,
      author         = "Aharony, Ofer and Gubser, Steven S. and Maldacena, Juan
                        Martin and Ooguri, Hirosi and Oz, Yaron",
      title          = "{Large N field theories, string theory and gravity}",
      journal        = "Phys. Rept.",
      volume         = "323",
      year           = "2000",
      pages          = "183-386",
      doi            = "10.1016/S0370-1573(99)00083-6",
      eprint         = "hep-th/9905111",
      archivePrefix  = "arXiv",
      primaryClass   = "hep-th",
      reportNumber   = "CERN-TH-99-122, HUTP-99-A027, LBNL-43113, RU-99-18,
                        UCB-PTH-99-16, LBL-43113",
      SLACcitation   = "%%CITATION = HEP-TH/9905111;%%"
}

@article{Louko:2000tp,
      author         = "Louko, Jorma and Marolf, Donald and Ross, Simon F.",
      title          = "{On geodesic propagators and black hole holography}",
      journal        = "Phys. Rev.",
      volume         = "D62",
      year           = "2000",
      pages          = "044041",
      doi            = "10.1103/PhysRevD.62.044041",
      eprint         = "hep-th/0002111",
      archivePrefix  = "arXiv",
      primaryClass   = "hep-th",
      SLACcitation   = "%%CITATION = HEP-TH/0002111;%%"
}

@article{Maldacena:2001kr,
      author         = "Maldacena, Juan Martin",
      title          = "{Eternal black holes in anti-de Sitter}",
      journal        = "JHEP",
      volume         = "04",
      year           = "2003",
      pages          = "021",
      doi            = "10.1088/1126-6708/2003/04/021",
      eprint         = "hep-th/0106112",
      archivePrefix  = "arXiv",
      primaryClass   = "hep-th",
      reportNumber   = "NSF-ITP-01-59",
      SLACcitation   = "%%CITATION = HEP-TH/0106112;%%"
}

@article{Cai:2001dz,
      author         = "Cai, Rong-Gen",
      title          = "{Gauss-Bonnet black holes in AdS spaces}",
      journal        = "Phys. Rev.",
      volume         = "D65",
      year           = "2002",
      pages          = "084014",
      doi            = "10.1103/PhysRevD.65.084014",
      eprint         = "hep-th/0109133",
      archivePrefix  = "arXiv",
      primaryClass   = "hep-th",
      SLACcitation   = "%%CITATION = HEP-TH/0109133;%%"
}

@article{Kraus:2002iv,
      author         = "Kraus, Per and Ooguri, Hirosi and Shenker, Stephen",
      title          = "{Inside the horizon with AdS / CFT}",
      journal        = "Phys. Rev.",
      volume         = "D67",
      year           = "2003",
      pages          = "124022",
      doi            = "10.1103/PhysRevD.67.124022",
      eprint         = "hep-th/0212277",
      archivePrefix  = "arXiv",
      primaryClass   = "hep-th",
      reportNumber   = "UCLA-02-TEP-41, CALT-68-2421, SU-ITP-02-45",
      SLACcitation   = "%%CITATION = HEP-TH/0212277;%%"
}

@article{Fidkowski:2003nf,
      author         = "Fidkowski, Lukasz and Hubeny, Veronika and Kleban,
                        Matthew and Shenker, Stephen",
      title          = "{The Black hole singularity in AdS / CFT}",
      journal        = "JHEP",
      volume         = "02",
      year           = "2004",
      pages          = "014",
      doi            = "10.1088/1126-6708/2004/02/014",
      eprint         = "hep-th/0306170",
      archivePrefix  = "arXiv",
      primaryClass   = "hep-th",
      reportNumber   = "SU-ITP-03-16",
      SLACcitation   = "%%CITATION = HEP-TH/0306170;%%"
}

@article{Freivogel:2004rd,
      author         = "Freivogel, Ben and Susskind, Leonard",
      title          = "{A Framework for the landscape}",
      journal        = "Phys. Rev.",
      volume         = "D70",
      year           = "2004",
      pages          = "126007",
      doi            = "10.1103/PhysRevD.70.126007",
      eprint         = "hep-th/0408133",
      archivePrefix  = "arXiv",
      primaryClass   = "hep-th",
      reportNumber   = "SU-ITP-04-33",
      SLACcitation   = "%%CITATION = HEP-TH/0408133;%%"
}

@article{Hamilton:2005ju,
      author         = "Hamilton, Alex and Kabat, Daniel N. and Lifschytz, Gilad
                        and Lowe, David A.",
      title          = "{Local bulk operators in AdS/CFT: A Boundary view of
                        horizons and locality}",
      journal        = "Phys. Rev.",
      volume         = "D73",
      year           = "2006",
      pages          = "086003",
      doi            = "10.1103/PhysRevD.73.086003",
      eprint         = "hep-th/0506118",
      archivePrefix  = "arXiv",
      primaryClass   = "hep-th",
      reportNumber   = "BROWN-HET-1448, CU-TP-1130",
      SLACcitation   = "%%CITATION = HEP-TH/0506118;%%"
}

@article{Cornalba:2006xk,
      author         = "Cornalba, Lorenzo and Costa, Miguel S. and Penedones,
                        Joao and Schiappa, Ricardo",
      title          = "{Eikonal Approximation in AdS/CFT: From Shock Waves to
                        Four-Point Functions}",
      journal        = "JHEP",
      volume         = "08",
      year           = "2007",
      pages          = "019",
      doi            = "10.1088/1126-6708/2007/08/019",
      eprint         = "hep-th/0611122",
      archivePrefix  = "arXiv",
      primaryClass   = "hep-th",
      reportNumber   = "ROM2F-2006-25, LPTENS-06-49, CERN-PH-TH-2006-233",
      SLACcitation   = "%%CITATION = HEP-TH/0611122;%%"
}

@article{Cornalba:2006xm,
      author         = "Cornalba, Lorenzo and Costa, Miguel S. and Penedones,
                        Joao and Schiappa, Ricardo",
      title          = "{Eikonal Approximation in AdS/CFT: Conformal Partial
                        Waves and Finite N Four-Point Functions}",
      journal        = "Nucl. Phys.",
      volume         = "B767",
      year           = "2007",
      pages          = "327-351",
      doi            = "10.1016/j.nuclphysb.2007.01.007",
      eprint         = "hep-th/0611123",
      archivePrefix  = "arXiv",
      primaryClass   = "hep-th",
      reportNumber   = "ROM2F-2006-26, LPTENS-06-50, CERN-PH-TH-2006-234",
      SLACcitation   = "%%CITATION = HEP-TH/0611123;%%"
}

@article{Brigante:2007nu,
      author         = "Brigante, Mauro and Liu, Hong and Myers, Robert C. and
                        Shenker, Stephen and Yaida, Sho",
      title          = "{Viscosity Bound Violation in Higher Derivative Gravity}",
      journal        = "Phys. Rev.",
      volume         = "D77",
      year           = "2008",
      pages          = "126006",
      doi            = "10.1103/PhysRevD.77.126006",
      eprint         = "0712.0805",
      archivePrefix  = "arXiv",
      primaryClass   = "hep-th",
      reportNumber   = "CAS-KITPC-ITP-025, MIT-CTP-3918, SU-ITP-07-22",
      SLACcitation   = "%%CITATION = ARXIV:0712.0805;%%"
}

@article{Cornalba:2007zb,
      author         = "Cornalba, Lorenzo and Costa, Miguel S. and Penedones,
                        Joao",
      title          = "{Eikonal approximation in AdS/CFT: Resumming the
                        gravitational loop expansion}",
      journal        = "JHEP",
      volume         = "09",
      year           = "2007",
      pages          = "037",
      doi            = "10.1088/1126-6708/2007/09/037",
      eprint         = "0707.0120",
      archivePrefix  = "arXiv",
      primaryClass   = "hep-th",
      reportNumber   = "ROM2F-2007-11, LPTENS-07-27",
      SLACcitation   = "%%CITATION = ARXIV:0707.0120;%%"
}

@article{Hartnoll:2008kx,
      author         = "Hartnoll, Sean A. and Herzog, Christopher P. and
                        Horowitz, Gary T.",
      title          = "{Holographic Superconductors}",
      journal        = "JHEP",
      volume         = "12",
      year           = "2008",
      pages          = "015",
      doi            = "10.1088/1126-6708/2008/12/015",
      eprint         = "0810.1563",
      archivePrefix  = "arXiv",
      primaryClass   = "hep-th",
      SLACcitation   = "%%CITATION = ARXIV:0810.1563;%%"
}

@article{Hofman:2008ar,
      author         = "Hofman, Diego M. and Maldacena, Juan",
      title          = "{Conformal collider physics: Energy and charge
                        correlations}",
      journal        = "JHEP",
      volume         = "05",
      year           = "2008",
      pages          = "012",
      doi            = "10.1088/1126-6708/2008/05/012",
      eprint         = "0803.1467",
      archivePrefix  = "arXiv",
      primaryClass   = "hep-th",
      SLACcitation   = "%%CITATION = ARXIV:0803.1467;%%"
}

@article{Horowitz:2009ij,
      author         = "Horowitz, Gary T. and Roberts, Matthew M.",
      title          = "{Zero Temperature Limit of Holographic Superconductors}",
      journal        = "JHEP",
      volume         = "11",
      year           = "2009",
      pages          = "015",
      doi            = "10.1088/1126-6708/2009/11/015",
      eprint         = "0908.3677",
      archivePrefix  = "arXiv",
      primaryClass   = "hep-th",
      SLACcitation   = "%%CITATION = ARXIV:0908.3677;%%"
}

@article{Hartnoll:2011fn,
      author         = "Hartnoll, Sean A.",
      title          = "{Horizons, holography and condensed matter}",
      year           = "2011",
      eprint         = "1106.4324",
      archivePrefix  = "arXiv",
      primaryClass   = "hep-th",
      SLACcitation   = "%%CITATION = ARXIV:1106.4324;%%"
}

@article{Kabat:2011rz,
      author         = "Kabat, Daniel and Lifschytz, Gilad and Lowe, David A.",
      title          = "{Constructing local bulk observables in interacting
                        AdS/CFT}",
      journal        = "Phys. Rev.",
      volume         = "D83",
      year           = "2011",
      pages          = "106009",
      doi            = "10.1103/PhysRevD.83.106009",
      eprint         = "1102.2910",
      archivePrefix  = "arXiv",
      primaryClass   = "hep-th",
      SLACcitation   = "%%CITATION = ARXIV:1102.2910;%%"
}

@article{Heemskerk:2012mn,
      author         = "Heemskerk, Idse and Marolf, Donald and Polchinski, Joseph
                        and Sully, James",
      title          = "{Bulk and Transhorizon Measurements in AdS/CFT}",
      journal        = "JHEP",
      volume         = "10",
      year           = "2012",
      pages          = "165",
      doi            = "10.1007/JHEP10(2012)165",
      eprint         = "1201.3664",
      archivePrefix  = "arXiv",
      primaryClass   = "hep-th",
      reportNumber   = "NSF-KITP-12-081",
      SLACcitation   = "%%CITATION = ARXIV:1201.3664;%%"
}

@article{Morrison:2012iz,
      author         = "Morrison, Ian A. and Roberts, Matthew M.",
      title          = "{Mutual information between thermo-field doubles and
                        disconnected holographic boundaries}",
      journal        = "JHEP",
      volume         = "07",
      year           = "2013",
      pages          = "081",
      doi            = "10.1007/JHEP07(2013)081",
      eprint         = "1211.2887",
      archivePrefix  = "arXiv",
      primaryClass   = "hep-th",
      SLACcitation   = "%%CITATION = ARXIV:1211.2887;%%"
}

@article{Susskind:2013lpa,
      author         = "Susskind, Leonard",
      title          = "{New Concepts for Old Black Holes}",
      year           = "2013",
      eprint         = "1311.3335",
      archivePrefix  = "arXiv",
      primaryClass   = "hep-th",
      SLACcitation   = "%%CITATION = ARXIV:1311.3335;%%"
}

@article{Almheiri:2014lwa,
      author         = "Almheiri, Ahmed and Dong, Xi and Harlow, Daniel",
      title          = "{Bulk Locality and Quantum Error Correction in AdS/CFT}",
      journal        = "JHEP",
      volume         = "04",
      year           = "2015",
      pages          = "163",
      doi            = "10.1007/JHEP04(2015)163",
      eprint         = "1411.7041",
      archivePrefix  = "arXiv",
      primaryClass   = "hep-th",
      reportNumber   = "SU-ITP-14-30",
      SLACcitation   = "%%CITATION = ARXIV:1411.7041;%%"
}



%%%%%%%%%%%%%%%%%%%%%%%%%
% textbooks

@book{Dickman:1930frq,
      author         = "Dickman, Karl",
      title          = "{On the frequency of numbers containing 
                        prime factors of a certain relative magnitude}",
      year           = "1930",
      publisher      = "Almqvist \& Wiksell"
}

@book{Streater:1989vi,
      author         = "Streater, R. F. and Wightman, A. S.",
      title          = "{PCT, spin and statistics, and all that}",
      journal        = "Redwood City, USA: Addison-Wesley (1989) 207 p. (Advanced
                        book classics)",
      year           = "1989",
      ISBN           = "0691070628, 9780691070629",
      SLACcitation   = "%%CITATION = INSPIRE-290343;%%"
}

@book{Sachdev:2001qu,
      author         = "Sachdev, S.",
      title          = "{Quantum Phase Transitions}",
      year           = "2001",
      publisher      = "Cambridge University Press",
      ISBN           = "9780521004541",
}

@book{Poisson:2004rt,
      author         = "Eric Poisson",
      title          = "{A Relativist's Toolkit}",  
      year           = "2004",
      publisher      = "Cambridge University Press",
      ISBN           = "9780511606601",
}

@book{Nielsen:2010qu,
      author         = "Nielsen, Michael A and Chuang, Isaac L",
      title          = "{Quantum Computation and Quantum Information}",
      year           = "2010",
      publisher      = "Cambridge University Press"
}



@article{qi2012general,
  title={General relationship between the entanglement spectrum and the edge state spectrum of topological quantum states},
  author={Qi, Xiao-Liang and Katsura, Hosho and Ludwig, Andreas WW},
  journal={Physical review letters},
  volume={108},
  number={19},
  pages={196402},
  year={2012},
  publisher={APS}
}

@article{li2008entanglement,
  title={Entanglement spectrum as a generalization of entanglement entropy: Identification of topological order in non-abelian fractional quantum hall effect states},
  author={Li, Hui and Haldane, F Duncan M},
  journal={Physical review letters},
  volume={101},
  number={1},
  pages={010504},
  year={2008},
  publisher={APS}
}

@article{chowdhury2018translationally,
  title={Translationally invariant non-Fermi liquid metals with critical Fermi-surfaces: Solvable models},
  author={Chowdhury, Debanjan and Werman, Yochai and Berg, Erez and Senthil, T},
  journal={arXiv preprint arXiv:1801.06178},
  year={2018}
}

@article{song2017strongly,
  title={Strongly correlated metal built from sachdev-ye-kitaev models},
  author={Song, Xue-Yang and Jian, Chao-Ming and Balents, Leon},
  journal={Physical review letters},
  volume={119},
  number={21},
  pages={216601},
  year={2017},
  publisher={APS}
}

@article{banerjee2017solvable,
  title={Solvable model for a dynamical quantum phase transition from fast to slow scrambling},
  author={Banerjee, Sumilan and Altman, Ehud},
  journal={Physical Review B},
  volume={95},
  number={13},
  pages={134302},
  year={2017},
  publisher={APS}
}

@article{cotler2017black,
  title={Black holes and random matrices},
  author={Cotler, Jordan S and Gur-Ari, Guy and Hanada, Masanori and Polchinski, Joseph and Saad, Phil and Shenker, Stephen H and Stanford, Douglas and Streicher, Alexandre and Tezuka, Masaki},
  journal={Journal of High Energy Physics},
  volume={2017},
  number={5},
  pages={118},
  year={2017},
  publisher={Springer}
}

@article{chen2017competition,
  title={Competition between chaotic and nonchaotic phases in a quadratically coupled Sachdev-Ye-Kitaev model},
  author={Chen, Xin and Fan, Ruihua and Chen, Yiming and Zhai, Hui and Zhang, Pengfei},
  journal={Physical review letters},
  volume={119},
  number={20},
  pages={207603},
  year={2017},
  publisher={APS}
}

@article{Nozaki:2014hna,
    author = "Nozaki, Masahiro and Numasawa, Tokiro and Takayanagi, Tadashi",
    title = "{Quantum Entanglement of Local Operators in Conformal Field Theories}",
    eprint = "1401.0539",
    archivePrefix = "arXiv",
    primaryClass = "hep-th",
    reportNumber = "IPMU13-0244, YITP-13-132",
    doi = "10.1103/PhysRevLett.112.111602",
    journal = "Phys. Rev. Lett.",
    volume = "112",
    pages = "111602",
    year = "2014"
}

@article{Anous:2016kss,
    author = "Anous, Tarek and Hartman, Thomas and Rovai, Antonin and Sonner, Julian",
    title = "{Black Hole Collapse in the 1/c Expansion}",
    eprint = "1603.04856",
    archivePrefix = "arXiv",
    primaryClass = "hep-th",
    doi = "10.1007/JHEP07(2016)123",
    journal = "JHEP",
    volume = "07",
    pages = "123",
    year = "2016"
}

@article{Afkhami-Jeddi:2017rmx,
    author = "Afkhami-Jeddi, Nima and Hartman, Thomas and Kundu, Sandipan and Tajdini, Amirhossein",
    title = "{Shockwaves from the Operator Product Expansion}",
    eprint = "1709.03597",
    archivePrefix = "arXiv",
    primaryClass = "hep-th",
    doi = "10.1007/JHEP03(2019)201",
    journal = "JHEP",
    volume = "03",
    pages = "201",
    year = "2019"
}


@article{VanRaamsdonk:2020tlr,
    author = "Van Raamsdonk, Mark",
    title = "{Comments on wormholes, ensembles, and cosmology}",
    eprint = "2008.02259",
    archivePrefix = "arXiv",
    primaryClass = "hep-th",
    month = "8",
    year = "2020"
}

@article{Balasubramanian:2020coy,
    author = "Balasubramanian, Vijay and Kar, Arjun and Ugajin, Tomonori",
    title = "{Entanglement between two disjoint universes}",
    eprint = "2008.05274",
    archivePrefix = "arXiv",
    primaryClass = "hep-th",
    month = "8",
    year = "2020"
}

@article{Dong:2020uxp,
    author = "Dong, Xi and Qi, Xiao-Liang and Shangnan, Zhou and Yang, Zhenbin",
    title = "{Effective entropy of quantum fields coupled with gravity}",
    eprint = "2007.02987",
    archivePrefix = "arXiv",
    primaryClass = "hep-th",
    doi = "10.1007/JHEP10(2020)052",
    journal = "JHEP",
    volume = "10",
    pages = "052",
    year = "2020"
}

@article{Krishnan:2020fer,
    author = "Krishnan, Chethan",
    title = "{Critical Islands}",
    eprint = "2007.06551",
    archivePrefix = "arXiv",
    primaryClass = "hep-th",
    month = "7",
    year = "2020"
}

@article{Marolf:2020xie,
    author = "Marolf, Donald and Maxfield, Henry",
    title = "{Transcending the ensemble: baby universes, spacetime wormholes, and the order and disorder of black hole information}",
    eprint = "2002.08950",
    archivePrefix = "arXiv",
    primaryClass = "hep-th",
    doi = "10.1007/JHEP08(2020)044",
    journal = "JHEP",
    volume = "08",
    pages = "044",
    year = "2020"
}

@article{Marolf:2020rpm,
    author = "Marolf, Donald and Maxfield, Henry",
    title = "{Observations of Hawking radiation: the Page curve and baby universes}",
    eprint = "2010.06602",
    archivePrefix = "arXiv",
    primaryClass = "hep-th",
    month = "10",
    year = "2020"
}

@article{Jana:2020vyx,
    author = "Jana, Chandan and Loganayagam, R. and Rangamani, Mukund",
    title = "{Open quantum systems and Schwinger-Keldysh holograms}",
    eprint = "2004.02888",
    archivePrefix = "arXiv",
    primaryClass = "hep-th",
    doi = "10.1007/JHEP07(2020)242",
    journal = "JHEP",
    volume = "07",
    pages = "242",
    year = "2020"
}
