
@article{Giddings:2015lla,
      author         = "Giddings, Steven B.",
      title          = "{Hilbert space structure in quantum gravity: an algebraic
                        perspective}",
      journal        = "JHEP",
      volume         = "12",
      year           = "2015",
      pages          = "099",
      doi            = "10.1007/JHEP12(2015)099",
      eprint         = "1503.08207",
      archivePrefix  = "arXiv",
      primaryClass   = "hep-th",
      SLACcitation   = "%%CITATION = ARXIV:1503.08207;%%"
}

@article{Banks:2011av,
      author         = "Banks, Tom",
      title          = "{Holographic Space-Time: The Takeaway}",
      year           = "2011",
      eprint         = "1109.2435",
      archivePrefix  = "arXiv",
      primaryClass   = "hep-th",
      reportNumber   = "RUNHETC-2011-12, SCIPP-11-13",
      SLACcitation   = "%%CITATION = ARXIV:1109.2435;%%"
}

@article{Maldacena:1997re,
      author         = "Maldacena, Juan Martin",
      title          = "{The Large N limit of superconformal field theories and
                        supergravity}",
      journal        = "Int. J. Theor. Phys.",
      volume         = "38",
      year           = "1999",
      pages          = "1113-1133",
      doi            = "10.1023/A:1026654312961",
      note           = "[Adv. Theor. Math. Phys.2,231(1998)]",
      eprint         = "hep-th/9711200",
      archivePrefix  = "arXiv",
      primaryClass   = "hep-th",
      reportNumber   = "HUTP-97-A097, HUTP-98-A097",
      SLACcitation   = "%%CITATION = HEP-TH/9711200;%%"
}


@article{PhysRevA.65.043605,
  title = {Atom lasers, coherent states, and coherence. I. Physically realizable ensembles of pure states},
  author = {Wiseman, H. M. and Vaccaro, John A.},
  journal = {Phys. Rev. A},
  volume = {65},
  issue = {4},
  pages = {043605},
  numpages = {19},
  year = {2002},
  month = {Mar},
  publisher = {American Physical Society},
  doi = {10.1103/PhysRevA.65.043605},
  url = {https://link.aps.org/doi/10.1103/PhysRevA.65.043605}
}




@article{doi:10.1080/09500349014551931,
author = { D.T.   Pegg  and  J.A.   Vaccaro  and  Stephen M.   Barnett },
title = {Quantum-optical Phase and Canonical Conjugation},
journal = {Journal of Modern Optics},
volume = {37},
number = {11},
pages = {1703-1710},
year  = {1990},
publisher = {Taylor & Francis},
doi = {10.1080/09500349014551931},

URL = { 
        https://doi.org/10.1080/09500349014551931
    
},
eprint = { 
        https://doi.org/10.1080/09500349014551931
    
}

}




@article{FLORATOS199735,
title = "Uncertainty relation and non-dispersive states in finite quantum mechanics",
journal = "Physics Letters B",
volume = "412",
number = "1",
pages = "35 - 41",
year = "1997",
issn = "0370-2693",
doi = "https://doi.org/10.1016/S0370-2693(97)01061-7",
url = "http://www.sciencedirect.com/science/article/pii/S0370269397010617",
author = "E.G. Floratos and G.K. Leontaris",
abstract = "In this letter, we provide evidence for a classical sector of states in the Hilbert space of Finite Quantum Mechanics (FQM). We construct a subset of states whose the minimum bound of position-momentum uncertainty (equivalent to an effective Ä§) vanishes. The classical regime, contrary to standard Quantum Mechanical Systems of particles and fields, but also of strings and branes appears in short distances of the order of the lattice spacing. For linear quantum maps of long periods, we observe that time evolution leads to fast decorrelation of the wave packets, phenomenon similar to the behavior of wave packets in 't Hooft and Susskind holographic picture. Moreoever, we construct explicitly a non-dispersive basis of states in accordance with 't Hooft's arguments about the deterministic behavior of FQM."
}

@article{Kabernik:2019jko,
    author = "Kabernik, Oleg and Pollack, Jason and Singh, Ashmeet",
    title = "{Quantum State Reduction: Generalized Bipartitions from Algebras of Observables}",
    eprint = "1909.12851",
    archivePrefix = "arXiv",
    primaryClass = "quant-ph",
    reportNumber = "CALT-TH-2019-36",
    doi = "10.1103/PhysRevA.101.032303",
    journal = "Phys. Rev. A",
    volume = "101",
    number = "3",
    pages = "032303",
    year = "2020"
}

@book{albert,
	Author = {D Albert},
	Date-Added = {2013-08-19 19:04:54 -0700},
	Date-Modified = {2013-08-19 19:04:54 -0700},
	Journal = {Book},
	Publisher = {Harvard University Press},
	Rating = {0},
	Title = {Time and Chance},
	Uri = {papers://7E2630A3-765D-4506-8C96-385690329D70/Paper/p3752},
	Year = {2003}}

@incollection{penrose1979singularities,
  title={Singularities and time-asymmetry},
  author={Penrose, Roger},
  booktitle={General Relativity: An Einstein Centenary Survey},
  editor={S.W.~Hawking and W.~Israel},
  year={1979},
  publisher={Cambridge University Press}
}

@ARTICLE{2004SHPMP..35...73C,
       author = {{Castagnino}, Mario and {Lombardi}, Olimpia},
        title = "{Self-induced decoherence: a new approach}",
      journal = {Studies in the History and Philosophy of Modern Physics},
     keywords = {Quantum mechanics, Decoherence, Closed systems, Pointer basis, Coarse graining, Classicality},
         year = "2004",
        month = "Jan",
       volume = {35},
       number = {1},
        pages = {73-107},
          doi = {10.1016/j.shpsb.2003.03.001},
       adsurl = {https://ui.adsabs.harvard.edu/abs/2004SHPMP..35...73C},
      adsnote = {Provided by the SAO/NASA Astrophysics Data System}
}


@article{Castagnino:2008zz,
      author         = "Castagnino, Mario and Fortin, Sebastian and Lombardi,
                        Olimpia and Laura, Roberto",
      title          = "{A general theoretical framework for decoherence in open
                        and closed systems}",
      journal        = "Class. Quant. Grav.",
      volume         = "25",
      year           = "2008",
      pages          = "154002",
      doi            = "10.1088/0264-9381/25/15/154002",
      eprint         = "0907.1337",
      archivePrefix  = "arXiv",
      primaryClass   = "quant-ph",
      SLACcitation   = "%%CITATION = ARXIV:0907.1337;%%"
}

@InProceedings{10.1007/978-94-007-2404-4_15,
author="Lombardi, Olimpia
and Fortin, Sebastian
and Castagnino, Mario",
editor="de Regt, Henk W.
and Hartmann, Stephan
and Okasha, Samir",
title="The Problem of Identifying the System and the Environment in the Phenomenon of Decoherence",
booktitle="EPSA Philosophy of Science: Amsterdam 2009",
year="2012",
publisher="Springer Netherlands",
address="Dordrecht",
pages="161--174",
abstract="The term ``decoherence'' generally refers to the quantum process that supposedly turns a pure state into a mixed state, which is diagonal in a well-defined basis. The orthodox explanation of the phenomenon is given by the so-called environment-induced decoherence (EID) approach (Zurek 1982, 1993, 2003; Paz and Zurek 2002), according to which decoherence results from the interaction of an open quantum system and its environment. The study of different physical models shows that, under certain circumstances, the reduced state of the open system rapidly diagonalizes in a basis that identifies the candidates for classical states. By contrast to non-dissipative accounts to decoherence, the EID approach is commonly understood as a dissipative approach: ``if one believes that classicality is really an emergent property of quantum open systems one may be tempted to conclude that the existence of emergent classicality will always be accompanied by other manifestations of openness such as dissipation of energy into the environment'' (Paz and Zurek 2002, 6).",
isbn="978-94-007-2404-4"
}

@ARTICLE{2014BrJPh..44..138F,
       author = {{Fortin}, Sebastian and {Lombardi}, Olimpia and {Castagnino}, Mario},
        title = "{Decoherence: A Closed-System Approach}",
      journal = {Brazilian Journal of Physics},
     keywords = {Quantum Physics},
         year = "2014",
        month = "Feb",
       volume = {44},
       number = {1},
        pages = {138-153},
          doi = {10.1007/s13538-013-0151-0},
archivePrefix = {arXiv},
       eprint = {1402.3525},
 primaryClass = {quant-ph},
       adsurl = {https://ui.adsabs.harvard.edu/abs/2014BrJPh..44..138F},
      adsnote = {Provided by the SAO/NASA Astrophysics Data System}
}

@ARTICLE{2005PhRvA..72a2109S,
       author = {{Schlosshauer}, Maximilian},
        title = "{Self-induced decoherence approach: Strong limitations on its validity in a simple spin bath model and on its general physical relevance}",
      journal = {\pra},
     keywords = {03.65.Yz, 03.65.Ta, Decoherence, open systems, quantum statistical methods, Foundations of quantum mechanics, measurement theory, Quantum Physics},
         year = "2005",
        month = "Jul",
       volume = {72},
       number = {1},
          eid = {012109},
        pages = {012109},
          doi = {10.1103/PhysRevA.72.012109},
archivePrefix = {arXiv},
       eprint = {quant-ph/0501138},
 primaryClass = {quant-ph},
       adsurl = {https://ui.adsabs.harvard.edu/abs/2005PhRvA..72a2109S},
      adsnote = {Provided by the SAO/NASA Astrophysics Data System}
}

@ARTICLE{2007PhRvL..99r0403K,
       author = {{Kofler}, Johannes and {Brukner}, {\v{C}}aslav},
        title = "{Classical World Arising out of Quantum Physics under the Restriction of Coarse-Grained Measurements}",
      journal = {\prl},
     keywords = {03.65.Ta, Foundations of quantum mechanics, measurement theory, Quantum Physics},
         year = "2007",
        month = "Nov",
       volume = {99},
       number = {18},
          eid = {180403},
        pages = {180403},
          doi = {10.1103/PhysRevLett.99.180403},
archivePrefix = {arXiv},
       eprint = {quant-ph/0609079},
 primaryClass = {quant-ph},
       adsurl = {https://ui.adsabs.harvard.edu/abs/2007PhRvL..99r0403K},
      adsnote = {Provided by the SAO/NASA Astrophysics Data System}
}


@article{Zanardi:2001zz,
      author         = "Zanardi, Paolo",
      title          = "{Virtual quantum subsystems}",
      journal        = "Phys. Rev. Lett.",
      volume         = "87",
      year           = "2001",
      pages          = "077901",
      doi            = "10.1103/PhysRevLett.87.077901",
      eprint         = "quant-ph/0103030",
      archivePrefix  = "arXiv",
      primaryClass   = "quant-ph",
      SLACcitation   = "%%CITATION = QUANT-PH/0103030;%%"
}

@article{Zanardi:2004zz,
      author         = "Zanardi, Paolo and Lidar, Daniel A. and Lloyd, Seth",
      title          = "{Quantum tensor product structures are observable
                        induced}",
      journal        = "Phys. Rev. Lett.",
      volume         = "92",
      year           = "2004",
      pages          = "060402",
      doi            = "10.1103/PhysRevLett.92.060402",
      eprint         = "quant-ph/0308043",
      archivePrefix  = "arXiv",
      primaryClass   = "quant-ph",
      SLACcitation   = "%%CITATION = QUANT-PH/0308043;%%"
}

@incollection{van1993approximation,
  title={Approximation with Kronecker products},
  author={Van Loan, Charles F and Pitsianis, Nikos},
  booktitle={Linear algebra for large scale and real-time applications},
  pages={293--314},
  year={1993},
  publisher={Springer}
}


@article{brun1999classical,
  title={Classical dynamics of the quantum harmonic chain},
  author={Brun, Todd A and Hartle, James B},
  journal={Physical Review D},
  volume={60},
  number={12},
  pages={123503},
  year={1999},
  publisher={APS}
}


@article{paz1993environment,
  title={Environment-induced decoherence, classicality, and consistency of quantum histories},
  author={Paz, Juan Pablo and Zurek, Wojciech Hubert},
  journal={Physical Review D},
  volume={48},
  number={6},
  pages={2728},
  year={1993},
  publisher={APS}
}


@article{gell2019alternative,
  title={Alternative decohering histories in quantum mechanics},
  author={Gell-Mann, Murray and Hartle, James},
  journal={arXiv preprint arXiv:1905.05859},
  year={2019}
}

@article{dowker1996consistent,
  title={On the consistent histories approach to quantum mechanics},
  author={Dowker, Fay and Kent, Adrian},
  journal={Journal of Statistical Physics},
  volume={82},
  number={5-6},
  pages={1575--1646},
  year={1996},
  publisher={Springer}
}

@article{kent1998quantum,
  title={Quantum histories},
  author={Kent, Adrian},
  journal={Physica Scripta},
  volume={1998},
  number={T76},
  pages={78},
  year={1998},
  publisher={IOP Publishing}
}


@article{everett1957relative,
  title={``Relative state" formulation of quantum mechanics},
  author={Everett III, Hugh},
  journal={Reviews of modern physics},
  volume={29},
  number={3},
  pages={454},
  year={1957},
  publisher={APS}
}


@article{Albrecht:2009vr,
      author         = "Albrecht, Andreas",
      title          = "{de Sitter equilibrium as a fundamental framework for
                        cosmology}",
      booktitle      = "{From quantum mechanics through complexity to spacetime:
                        The role of emergent dynamical structures. Proceedings,
                        4th International Workshop, DICE 2008, Castello Pasquini,
                        Castiglioncello, Italy, September 22-26, 2008}",
      journal        = "J. Phys. Conf. Ser.",
      volume         = "174",
      year           = "2009",
      pages          = "012006",
      doi            = "10.1088/1742-6596/174/1/012006",
      eprint         = "0906.1047",
      archivePrefix  = "arXiv",
      primaryClass   = "gr-qc",
      SLACcitation   = "%%CITATION = ARXIV:0906.1047;%%"
}

@article{Albrecht:2014eaa,
      author         = "Albrecht, Andreas",
      title          = "{Tuning, Ergodicity, Equilibrium and Cosmology}",
      journal        = "Phys. Rev.",
      volume         = "D91",
      year           = "2015",
      number         = "10",
      pages          = "103510",
      doi            = "10.1103/PhysRevD.91.103510",
      eprint         = "1401.7309",
      archivePrefix  = "arXiv",
      primaryClass   = "hep-th",
      SLACcitation   = "%%CITATION = ARXIV:1401.7309;%%"
}


%% Decoherence
@article{Schlosshauer:2003zy,
	archivePrefix = {arXiv},
	Author = {Schlosshauer, Maximilian},
	doi = {10.1103/RevModPhys.76.1267},
	Eprint = {quant-ph/0312059},
	Journal = {Rev. Mod. Phys.},
	Pages = {1267},
	Title = {{Decoherence, the measurement problem, and interpretations of quantum mechanics}},
	Volume = {76},
	Year = {2004}
}

@BOOK{2007dqct.book.....S,
       author = {{Schlosshauer}, Maximilian},
        title = "{Decoherence and the Quantum-to-Classical Transition}",
         year = "2007",
          doi = {10.1007/978-3-540-35775-9},
       adsurl = {https://ui.adsabs.harvard.edu/abs/2007dqct.book.....S},
      adsnote = {Provided by the SAO/NASA Astrophysics Data System}
}

@ARTICLE{riedel2012,
       author = {{Jess Riedel}, C. and {Zurek}, Wojciech H. and {Zwolak}, Michael},
        title = "{The rise and fall of redundancy in decoherence and quantum Darwinism}",
      journal = {New Journal of Physics},
     keywords = {Quantum Physics},
         year = "2012",
        month = "Aug",
       volume = {14},
       number = {8},
          eid = {083010},
        pages = {083010},
          doi = {10.1088/1367-2630/14/8/083010},
archivePrefix = {arXiv},
       eprint = {1205.3197},
 primaryClass = {quant-ph},
       adsurl = {https://ui.adsabs.harvard.edu/abs/2012NJPh...14h3010J},
      adsnote = {Provided by the SAO/NASA Astrophysics Data System}
}
@article{Zurek:1981xq,
  title = {Pointer basis of quantum apparatus: into what mixture does the wave packet collapse?},
  author = {Zurek, W. H.},
  journal = {Phys. Rev. D},
  volume = {24},
  issue = {6},
  pages = {1516},	
  year = {1981},
  doi = {10.1103/PhysRevD.24.1516}
}

@article{joos1985emergence,
  title={The emergence of classical properties through interaction with the environment},
  author={Joos, Eric and Zeh, H Dieter},
  journal={Zeitschrift f{\"u}r Physik B Condensed Matter},
  volume={59},
  number={2},
  pages={223--243},
  year={1985},
  publisher={Springer}
}


@article{Griffiths:1984rx,
	Author = {Griffiths, Robert B.},
	doi = {10.1007/BF01015734},
	Journal = {J. Statist. Phys.},
	Pages = {219},
	Title = {{Consistent histories and the interpretation of quantum mechanics}},
	Volume = {36},
	Year = {1984}
}
	
	%%predictability seive
	@article{Zurek:1994zq,
      author         = "Zurek, Wojciech H.",
      title          = "{Preferred observables, predictability, classicality, and
                        the environment induced decoherence}",
      year           = "1994",
      eprint         = "gr-qc/9402011",
      archivePrefix  = "arXiv",
      primaryClass   = "gr-qc",
      reportNumber   = "LA-UR-92-2051",
      SLACcitation   = "%%CITATION = GR-QC/9402011;%%"
}

@article{Hooft:1993gx,
	Archiveprefix = {arXiv},
	Author = {'t Hooft, Gerard},
	Date-Added = {2008-07-27 17:42:55 -0700},
	Date-Modified = {2008-07-27 17:42:55 -0700},
	Eprint = {gr-qc/9310026},
	Slaccitation = {%%CITATION = GR-QC/9310026;%%},
	Title = {{Dimensional reduction in quantum gravity}},
	Year = {1993}}

@article{Susskind:1994vu,
	Archiveprefix = {arXiv},
	Author = {Susskind, Leonard},
	Date-Added = {2008-07-27 17:42:55 -0700},
	Date-Modified = {2008-07-27 17:42:55 -0700},
	Doi = {10.1063/1.531249},
	Eprint = {hep-th/9409089},
	Journal = {J. Math. Phys.},
	Pages = {6377-6396},
	Slaccitation = {%%CITATION = HEP-TH/9409089;%%},
	Title = {{The World as a hologram}},
	Volume = {36},
	Year = {1995},
	Bdsk-Url-1 = {http://dx.doi.org/10.1063/1.531249}}

@article{Susskind:1993if,
	Archiveprefix = {arXiv},
	Author = {Susskind, Leonard and Thorlacius, Larus and Uglum, John},
	Date-Added = {2008-07-27 17:42:55 -0700},
	Date-Modified = {2008-07-27 17:42:55 -0700},
	Doi = {10.1103/PhysRevD.48.3743},
	Eprint = {hep-th/9306069},
	Journal = {Phys. Rev.},
	Pages = {3743-3761},
	Slaccitation = {%%CITATION = HEP-TH/9306069;%%},
	Title = {{The Stretched horizon and black hole complementarity}},
	Volume = {D48},
	Year = {1993},
	Bdsk-Url-1 = {http://dx.doi.org/10.1103/PhysRevD.48.3743}}

@article{Cao:2017hrv,
      author         = "Cao, ChunJun and Carroll, Sean M.",
      title          = "{Bulk Entanglement Gravity without a Boundary: Towards
                        Finding Einstein's Equation in Hilbert Space}",
      year           = "2017",
      eprint         = "1712.02803",
      archivePrefix  = "arXiv",
      primaryClass   = "hep-th",
      reportNumber   = "CALT-TH-2017-069",
      SLACcitation   = "%%CITATION = ARXIV:1712.02803;%%"
}

@article{Cao:2016mst,
      author         = "Cao, ChunJun and Carroll, Sean M. and Michalakis,
                        Spyridon",
      title          = "{Space from Hilbert Space: Recovering Geometry from Bulk
                        Entanglement}",
      journal        = "Phys. Rev.",
      volume         = "D95",
      year           = "2017",
      number         = "2",
      pages          = "024031",
      doi            = "10.1103/PhysRevD.95.024031",
      eprint         = "1606.08444",
      archivePrefix  = "arXiv",
      primaryClass   = "hep-th",
      reportNumber   = "CALT-2016-15",
      SLACcitation   = "%%CITATION = ARXIV:1606.08444;%%"
}
@article{Harlow:2016vwg,
      author         = "Harlow, Daniel",
      title          = "{The Ryu-Takayanagi Formula from Quantum Error
                        Correction}",
      journal        = "Commun. Math. Phys.",
      volume         = "354",
      year           = "2017",
      number         = "3",
      pages          = "865-912",
      doi            = "10.1007/s00220-017-2904-z",
      eprint         = "1607.03901",
      archivePrefix  = "arXiv",
      primaryClass   = "hep-th",
      SLACcitation   = "%%CITATION = ARXIV:1607.03901;%%"
}

%%Cotler
@article{cotler2019locality,
  title={Locality from the Spectrum},
  author={Cotler, Jordan S and Penington, Geoffrey R and Ranard, Daniel H},
  journal={Communications in Mathematical Physics},
  volume={368},
  number={3},
  pages={1267--1296},
  year={2019},
  publisher={Springer}
}


%%Tegmark
@article{tegmark2015consciousness,
  title={Consciousness as a state of matter},
  author={Tegmark, Max},
  journal={Chaos, Solitons \& Fractals},
  volume={76},
  pages={238--270},
  year={2015},
  publisher={Elsevier}
}


%% Piazza
@article{Piazza:2005wm,
      author         = "Piazza, Federico",
      title          = "{Glimmers of a pre-geometric perspective}",
      journal        = "Found. Phys.",
      volume         = "40",
      year           = "2010",
      pages          = "239-266",
      doi            = "10.1007/s10701-009-9387-5",
      eprint         = "hep-th/0506124",
      archivePrefix  = "arXiv",
      primaryClass   = "hep-th",
      SLACcitation   = "%%CITATION = HEP-TH/0506124;%%"
}


%%%% GCA


@article{Singh:2018qzk,
      author         = "Singh, Ashmeet and Carroll, Sean M.",
      title          = "{Modeling Position and Momentum in Finite-Dimensional
                        Hilbert Spaces via Generalized Clifford Algebra}",
      year           = "2018",
      eprint         = "1806.10134",
      archivePrefix  = "arXiv",
      primaryClass   = "quant-ph",
      reportNumber   = "CALT-TH-2018-29",
      SLACcitation   = "%%CITATION = ARXIV:1806.10134;%%"
}

@article{SanthanamTekumalla1976,
      author         = "{Santhanam, T. S., and Tekumalla, A. R.}",
      title          = "{Quantum Mechanics in Finite Dimensions}",
      journal       = "Foundations of Physics",
      year           = "{1976}",
	 volume    	= "{6}",
	 number = "{5}",
	 pages	 		= "{583-587}",
}



@book{weyl1950theory,
  title={The Theory of Groups and Quantum Mechanics},
  author={Weyl, H.},
  isbn={9780486602691},
  lccn={49011960},
  series={Dover Books on Mathematics},
  url={https://books.google.com/books?id=jQbEcDDqGb8C},
  year={1950},
  publisher={Dover Publications}
}

@article{Jagannathan:1981ri,
      author         = "Jagannathan, R. and Santhanam, T. S.",
      title          = "{Finite Dimensional Quantum Mechanics of a Particle. 2.}",
      journal        = "Int. J. Theor. Phys.",
      volume         = "21",
      year           = "1982",
      pages          = "351",
      doi            = "10.1007/BF02650236",
      reportNumber   = "MATSCIENCE/PP/6/81",
      SLACcitation   = "%%CITATION = IJTPB,21,351;%%"
}


@article {Schwinger570,
	author = {Schwinger, Julian},
	title = {UNITARY OPERATOR BASES},
	volume = {46},
	number = {4},
	pages = {570--579},
	year = {1960},
	publisher = {National Academy of Sciences},
	issn = {0027-8424},
	URL = {http://www.pnas.org/content/46/4/570},
	eprint = {http://www.pnas.org/content/46/4/570.full.pdf},
	journal = {Proceedings of the National Academy of Sciences}
}



@article{Jagannathan:2010sb,
      author         = "Jagannathan, R.",
      title          = "{On generalized Clifford algebras and their physical
                        applications}",
      year           = "2010",
      eprint         = "1005.4300",
      archivePrefix  = "arXiv",
      primaryClass   = "math-ph",
      SLACcitation   = "%%CITATION = ARXIV:1005.4300;%%"
}



%%%% fin-dim + mad-dog
@article{Bao:2017rnv,
      author         = "Bao, Ning and Carroll, Sean M. and Singh, Ashmeet",
      title          = "{The Hilbert Space of Quantum Gravity Is Locally
                        Finite-Dimensional}",
      year           = "2017",
      eprint         = "1704.00066",
      archivePrefix  = "arXiv",
      primaryClass   = "hep-th",
      reportNumber   = "CALT-TH-2017-17",
      SLACcitation   = "%%CITATION = ARXIV:1704.00066;%%"
}

@unpublished{Banks2000,
      author         = "Banks, Tom",
      title          = "{QuantuMechanics and CosMology}",
      year           = "2000",
     note		= "Talk given at the festschrift for L. Susskind, Stanford University, May 2000",
}

@unpublished{Fischler2000,
      author         = "Fischler, Willy",
      title          = "{Taking de Sitter Seriously}",
      year           = "2000",
     note		= "Talk given at Role of Scaling Laws in Physics and Biology (Celebrating the 60th Birthday of Geoffrey West), Santa Fe, Dec.",
}

@article{Carroll:2018rhc,
      author         = "Carroll, Sean M. and Singh, Ashmeet",
      title          = "{Mad-Dog Everettianism: Quantum Mechanics at Its Most
                        Minimal}",
      year           = "2018",
      eprint         = "1801.08132",
      archivePrefix  = "arXiv",
      primaryClass   = "quant-ph",
      reportNumber   = "CALT-TH-2018-006",
      SLACcitation   = "%%CITATION = ARXIV:1801.08132;%%"
}