@article{Cayley1858:A-memoir-on-the-theory-of-matrices,
author = {Cayley, Arthur },
title = {II. A memoir on the theory of matrices},
journal = {Philosophical Transactions of the Royal Society of London},
volume = {148},
number = {},
pages = {17-37},
year = {1858},
doi = {10.1098/rstl.1858.0002},
URL = {https://royalsocietypublishing.org/doi/abs/10.1098/rstl.1858.0002},
}

@article{Turing1938:On-computable-numbers-a-correction,
author = {Turing, A. M.},
title = {On Computable Numbers, with an Application to the Entscheidungsproblem. A Correction},
journal = {Proceedings of the London Mathematical Society},
volume = {s2-43},
number = {1},
pages = {544-546},
doi = {https://doi.org/10.1112/plms/s2-43.6.544},
url = {https://londmathsoc.onlinelibrary.wiley.com/doi/abs/10.1112/plms/s2-43.6.544},
year = {1938}
}

@book {BiggsLloydWilson1986:Graph-theory-1736-1936,
    AUTHOR = {Biggs, Norman L. and Lloyd, E. Keith and Wilson, Robin J.},
     TITLE = {Graph theory. 1736--1936},
   EDITION = {Second},
 PUBLISHER = {The Clarendon Press, Oxford University Press, New York},
      YEAR = {1986},
     PAGES = {xii+239},
      ISBN = {0-19-853916-9},
   MRCLASS = {01A60 (01A75 05-03 05Cxx)},
  MRNUMBER = {879117},
MRREVIEWER = {W.\ T.\ Tutte},
}

@MISC {Hou.MO458852:A-Lowenheim-Skolem-Tarski-like-property,
    TITLE = {A L\"owenheim–Skolem–Tarski-like property},
    AUTHOR = {Nai-Chung Hou},
    HOWPUBLISHED = {MathOverflow question},
    year = {2023},
    URL = {https://mathoverflow.net/q/458852},
    urldate = {2023-11-21},
}

@MISC {Schlutzenberg.MO458904:A-Lowenheim-Skolem-Tarski-like-property,
    TITLE = {A L\"owenheim–Skolem–Tarski-like property},
    AUTHOR = {Farmer Schlutzenberg},
    HOWPUBLISHED = {MathOverflow answer},
    year = {2023},
    URL = {https://mathoverflow.net/q/458904},
    urldate = {2023-11-22},
}

@MISC {Hamkins.MO458891:A-Lowenheim-Skolem-Tarski-like-property,
    TITLE = {A L\"owenheim–Skolem–Tarski-like property},
    AUTHOR = {Joel David Hamkins},
    HOWPUBLISHED = {MathOverflow answer},
    year = {2023},
    URL = {https://mathoverflow.net/q/458891},
    urldate = {2023-11-22},
}

@MISC {Lietz.MO458929:A-Lowenheim-Skolem-Tarski-like-property,
    TITLE = {A L\"owenheim–Skolem–Tarski-like property},
    AUTHOR = {Andreas Lietz},
    HOWPUBLISHED = {MathOverflow answer},
    year = {2023},
    URL = {https://mathoverflow.net/q/458929},
    urldate = {2023-11-23},
}

@article{GitmanSchindler2018:VirtualLargeCardinals,
title = {Virtual large cardinals},
journal = {Annals of Pure and Applied Logic},
volume = {169},
number = {12},
pages = {1317-1334},
year = {2018},
note = {Logic Colloquium 2015},
issn = {0168-0072},
doi = {https://doi.org/10.1016/j.apal.2018.08.005},
url = {https://www.sciencedirect.com/science/article/pii/S0168007218300897},
author = {Victoria Gitman and Ralf Schindler},
keywords = {Forcing, Large cardinals, Remarkable cardinals, Virtual large cardinals},
}

@book{Kanamori2008:HigherInfinite,
  title={The higher infinite: large cardinals in set theory from their beginnings},
  author={Kanamori, Akihiro},
  year={2008},
  publisher={Springer Science \& Business Media}
}

@article{KanamoriReinhardtSolovay1978:StrongAxiomsOfInfinityAndElementaryEmbeddings,
title = {Strong axioms of infinity and elementary embeddings},
journal = {Annals of Mathematical Logic},
volume = {13},
number = {1},
pages = {73-116},
year = {1978},
issn = {0003-4843},
doi = {https://doi.org/10.1016/0003-4843(78)90031-1},
url = {https://www.sciencedirect.com/science/article/pii/0003484378900311},
author = {Robert M. Solovay and William N. Reinhardt and Akihiro Kanamori}
}