@MISC{Scholtes2021.github:Wordle-dictionary,
  author =       {Garret Scholtes},
  title =        {Wordle dictionary},
  howpublished = {github post},
  year =         {2021},
  month =        {},
  note =         {},
  abstract =     {},
  keywords =     {},
  source =       {},
  url =  {https://gist.github.com/scholtes/94f3c0303ba6a7768b47583aff36654d},
  urldate = {11/17/2023},
}

@MISC{Madore2023.twitter:This-sentence,
  author =       {David Madore},
  title =        {This sentence},
  howpublished = {Twitter},
  year =         {2023},
  note =         {While it is possible to refer to this sentence without quotation marks, it is much harder to refer to “this sentence” without them.},
  url =          {https://twitter.com/gro_tsen/status/1651938490739720193},
  urldate =      {4-28-2023},
}


@MISC{Hoffman2021:Plenitudinous-primes,
  author =       {Hannah Hoffman},
  title =        {Plenitudinous primes (a song about the infinitude of prime numbers)},
  howpublished = {YouTube music video},
  year =         {2021},
  month =        {},
  note =         {lyrics by Joel David Hamkins},
  abstract =     {},
  keywords =     {},
  source =       {},
  url =          {https://youtu.be/WEyEpwAeaaI},
  urldate =      {10-19-2021},
}

@MISC {Hamkins.MO93601:Concerning-proofs-from-AC-that-R-admits-surprising-decompositions,
    TITLE = {Concerning proofs from the axiom of choice that $\mathbb{R}$ admits surprising geometrical decompositions: Can we prove there is no Borel decomposition?},
    AUTHOR = {Joel David Hamkins},
    HOWPUBLISHED = {MathOverflow question},
    year = {2012},
    URL = {https://mathoverflow.net/q/93601},
    urldate = {2012-4-9},
}

@MISC{GowersJ2020:How-big-is-a-trillion-anyway,
  author =       {John Gowers},
  title =        {How big is a trillion anyway?},
  howpublished = {blog post},
  year =         {2020},
  month =        {},
  note =         {},
  abstract =     {},
  keywords =     {},
  source =       {},
  url = {https://johngowe.rs/blog/2020/04/17/how-big-is-a-trillion-anyway/},
  urldate = {2023-1-27},
}


@MISC {Hamkins.MSE49046:Is-infinity-an-odd-or-even-number,
    TITLE = {Is infinity an odd or even number?},
    AUTHOR = {Joel David Hamkins},
    HOWPUBLISHED = {Mathematics Stack Exchange answer},
    url = {https://math.stackexchange.com/a/49046/413},
    urldate = {2011-7-2},
    year={2011},
}

@MISC {Hamkins.MO426359:Simple-instance-of-intransitivity-implicit-definability,
    TITLE = {Is there a simple instance of intransitivity for implicit definability?},
    AUTHOR = {Joel David Hamkins},
    HOWPUBLISHED = {MathOverflow question},
    year = {2022},
    URL = {https://mathoverflow.net/q/426359},
    urldate = {2022-7-10},
}

@MISC {Hamkins.MO426322:Is-multiplication-implicitly-definable-from-successor-answer,
    TITLE = {Is multiplication implicitly definable from successor?},
    AUTHOR = {Joel David Hamkins},
    HOWPUBLISHED = {MathOverflow answer},
    year = {2022},
    URL = {https://mathoverflow.net/q/426322},
    urldate = {2022-7-12},
}

@MISC {Hamkins.MO426302:Is-multiplication-implicitly-definable-from-successor,
    TITLE = {Is multiplication implicitly definable from successor?},
    AUTHOR = {Joel David Hamkins},
    year = {2022},
    HOWPUBLISHED = {MathOverflow question},
    URL = {https://mathoverflow.net/q/426302},
    urldate = {2022-7-12}
}

@MISC {Hamkins.MO206058:Leibnizian-model-with-no-definable-elements-in-finite-language,
    TITLE = {Is there a Leibnizian model with no definable elements, in a finite language?},
    AUTHOR = {Joel David Hamkins},
    year = {2015},
    HOWPUBLISHED = {MathOverflow question and answer},
    URL = {https://mathoverflow.net/q/206058},
    urldate = {2015-5-8},
}

@MISC {Hamkins.MO401151:The-chocolatiers-game,
    TITLE = {The Chocolatier's game: can the Glutton win with a restricted form of strategy?},
    AUTHOR = {Joel David Hamkins},
    HOWPUBLISHED = {MathOverflow question},
    year = {2021},
    URL = {https://mathoverflow.net/q/401151},
    urldate = {2021-8-6},
}

@MISC {Hamkins.MO401136:An-infinite-game-possibly-due-to-Ernst-Specker,
    TITLE = {An infinite game possibly due to Ernst Specker},
    AUTHOR = {Joel David Hamkins},
    HOWPUBLISHED = {MathOverflow answer},
    year= {2021},
    URL = {https://mathoverflow.net/q/401136},
    urldate =  {2021-8-6},
}

@MISC{Hamkins.blog2016:Famous-quotations-in-their-original-language,
  author =       {Joel David Hamkins},
  title =        {Famous quotations in their original first-order language},
  howpublished = {Mathematics and Philosophy of the Infinite},
  year =         {2016},
  url =          {http://jdh.hamkins.org/famous-quotations-in-their-original-language/},
  urldate =      {2016-17-3},
}

@MISC {Schlutzenberg2021.MO387471:Does-the-axiom-scheme-of-collection-imply-DC?,
    TITLE = {Does the axiom schema of collection imply schematic dependent choice in ZFCU?},
    AUTHOR = {Farmer Schlutzenberg},
    HOWPUBLISHED = {MathOverflow answer},
    NOTE = {},
    EPRINT = {},
    URL = {https://mathoverflow.net/q/387471},
    urldate = {2021-3-27},
    year = {2021},
}

@MISC{Brown2022.Twitter:Multiple-stone-Hex,
  author =       {Harrison Brown},
  title =        {Infinite Hex with two moves for one},
  howpublished = {Twitter post},
  year =         {2022},
  url =          {https://twitter.com/kushnerbomb/status/1477419509417926669},
  urldate =      {2022-1-1},
}

@MISC{Gowers2021.Twitter:Multiple-stone-Hex,
  author =       {Timothy Gowers},
  title =        {Infinite Hex with two moves for one},
  howpublished = {Twitter post},
  year =         {2021},
  url =          {https://twitter.com/wtgowers/status/1477024357054562307},
  urldate =      {2021-12-31},
}


@MISC {Hamkins2018.MO299504:Position-in-infinite-Go,
    TITLE = {Is there a position in infinite Go for which the life of a particular stone has transfinite game value?},
    AUTHOR = {Joel David Hamkins},
    HOWPUBLISHED = {MathOverflow answer},
    URL = {https://mathoverflow.net/q/299504},
    urldate = {2018-5-5},
    year = {2018},
}

@MISC{Hamkins.blog2015:Win-at-Nim-secret-strategy-transfinite-challenge,
  author =       {Joel David Hamkins},
  title =        {Win at Nim! The secret mathematical strategy for kids (with challange problems in transfinite Nim for the rest of us)},
  howpublished = {Mathematics and Philosophy of the Infinite},
  year =         {2015},
  url =          {http://jdh.hamkins.org/win-at-nim-the-secret-mathematical-strategy},
  urldate =      {2015-22-5},
}

@MISC{Hamkins.blog2015:Transfinite-nim,
  author =       {Joel David Hamkins},
  title =        {Transfinite Nim},
  howpublished = {Mathematics and Philosophy of the Infinite},
  year =         {2015},
  url =          {http://jdh.hamkins.org/transfinite-nim/},
  urldate =      {2015-27-5},
}

@MISC {Blass.MO71773:Are-proper-classes-objects,
    TITLE = {Are proper classes objects?},
    AUTHOR = {Andreas Blass},
    HOWPUBLISHED = {MathOverflow answer},
    year = {2011},
    URL = {https://mathoverflow.net/q/71773},
    urldate = {2011-8-1},
}

@MISC{Hamkins.blog2013:Approximation-cover-propogate-upward,
  author =       {Joel David Hamkins},
  title =        {Approximation and cover properties propagate upward},
  howpublished = {Mathematics and Philosophy of the Infinite},
  year =         {2013},
  url =          {http://jdh.hamkins.org/approximation-and-cover-properties-propagate-upward/},
  urldate =      {2013-7-1},
}

@MISC{Hamkins.blog2019:The-connect-infinity-game,
  author =       {Joel David Hamkins},
  title =        {The Connect-infinity game},
  howpublished = {Mathematics and Philosophy of the Infinite},
  year =         {2019},
  url =          {http://jdh.hamkins.org/the-connect-infinity-game/},
  urldate =      {2019-4-30},
}


@MISC {Huynh.MO298535:The-Sudoku-game-solver-spoiler-variation,
    TITLE = {The Sudoku game: Solver-Spoiler variation},
    AUTHOR = {Tony Huynh},
    HOWPUBLISHED = {MathOverflow answer},
    year = {2019},
    URL = {https://mathoverflow.net/q/298535},
    urldate = {2019-4-20},
}

@MISC{Hamkins.blog2018:Infinite-sudoku-and-the-sudoku-game,
  author =       {Joel David Hamkins},
  title =        {Infinite Sudoku and the Sudoku game},
  howpublished = {Mathematics and Philosophy of the Infinite},
  year =         {2018},
  url = {http://jdh.hamkins.org/infinite-sudoku-and-the-sudoku-game/},
  urldate = {2018-4-16},
}


@MISC {Hamkins.MO297884:Who-wins-two-player-sudoku?,
    TITLE = {Who wins two player sudoku?},
    AUTHOR = {Joel David Hamkins},
    HOWPUBLISHED = {MathOverflow answer},
    year = {2018},
    URL = {https://mathoverflow.net/q/297884},
    urldate = {2018-4-17},
}

@MISC {Hamkins.MO384050:Uniform-incomparable-consistency-strengths,
    TITLE = {Uniform incomparable consistency strengths},
    AUTHOR = {Joel David Hamkins},
    year = {2021},
    HOWPUBLISHED = {MathOverflow answer},
    URL = {https://mathoverflow.net/q/384050},
    urldate = {2021-2-15},
}

@MISC{Dzamonja.Twitter2021:Linearity-in-large-cardinals,
  author =       {Mirna D{\v z}amonja},
  title =        {On large cardinal linearity},
  howpublished = {Twitter post},
  year =         {2021},
  month =        {},
  note =         {},
  abstract =     {},
  keywords =     {},
  source =       {},
  url =          {https://twitter.com/MirnaDzamonja/status/1356338350622388226},
  urldate =      {2021-2-1},
}


@MISC{Hamkins.blog2018:Alan-Turing-on-computable-numbers,
  author =       {Joel David Hamkins},
  title =        {Alan Turing, on computable numbers},
  howpublished = {},
  year =         {2018},
  month =        {},
  note =         {},
  abstract =     {},
  keywords =     {},
  source =       {},
  url =          {http://jdh.hamkins.org/alan-turing-on-computable-numbers},
  url =          {2018-9-29},
}

@MISC {Gavrilov.MO63160:Disjunction-property-in-PA,
    TITLE = {The disjunction property in Peano Arithmetic?},
    AUTHOR = {Alex Gavrilov},
    year = {2011},
    HOWPUBLISHED = {MathOverflow question},
    URL = {https://mathoverflow.net/q/63160},
    urldate = {2021-4-27},
}

@MISC {Hamkins.MO63183:Disjunction-property-in-PA,
    TITLE = {The disjunction property in Peano Arithmetic?},
    AUTHOR = {Joel David Hamkins},
    HOWPUBLISHED = {MathOverflow answer},
    year = {2011},
    NOTE = {},
    EPRINT = {},
    URL = {https://mathoverflow.net/q/63183},
    urldate = {2021-4-27},
}

@MISC {Hamkins.MSE72646:Help-me-put-these-enormous-numbers-in-order,
    TITLE = {Help me put these enormous numbers in order:  googol, googol-plex-bang, googol-stack and so on},
    AUTHOR = {Joel David Hamkins},
    HOWPUBLISHED = {Mathematics Stack Exchange question},
    year = {2011},
    NOTE = {},
    EPRINT = {},
    URL = {https://math.stackexchange.com/q/72646},
}

@MISC {Hamkins.MSE72943:Help-me-put-these-enormous-numbers-in-order-answer,
    TITLE = {Help me put these enormous numbers in order:  googol, googol-plex-bang, googol-stack and so on},
    AUTHOR = {Joel David Hamkins},
    HOWPUBLISHED = {Mathematics Stack Exchange answer},
    URL = {https://math.stackexchange.com/q/72943},
    year = {2011},
}

@MISC{Hamkins.blog2013:Largest-number-contest,
  author =       {Joel David Hamkins},
  title =        {Largest-number contest: what is the largest number that you can describe on an index card?},
  howpublished = {},
  year =         {2013},
  month =        {},
  note =         {},
  abstract =     {},
  keywords =     {},
  source =       {},
  url =          {http://jdh.hamkins.org/largest-number-contest/},
  urldate =          {2013-6-17},
}

@MISC{Hamkins.blog2020:Real-numbers-are-not-interpretable-in-the-complex-field,
  author =       {Joel David Hamkins},
  title =        {The real numbers are not interpretable in the complex field},
  howpublished = {{Mathematics and Philosophy of the Infinite}},
  year =         {2020},
  month =        {},
  note =         {},
  abstract =     {},
  keywords =     {},
  source =       {},
  url =          {http://jdh.hamkins.org/the-real-numbers-are-not-interpretable-in-the-complex-field/},
  urldate =      {2020-2-24},
}

@MISC {Goucher2020.MO365415:Can-a-fixed-finite-length-straightedge,
    TITLE = {Can a fixed finite-length straightedge and finite-size compass still construct all constructible points in the plane?},
    AUTHOR = {Adam P. Goucher},
    HOWPUBLISHED = {MathOverflow answer},
    year = {2020},
    NOTE = {},
    EPRINT = {},
    URL = {https://mathoverflow.net/q/365415}
}

@MISC {Hamkins2020.MO365411:Can-a-fixed-finite-length-straightedge?,
    TITLE = {Can a fixed finite-length straightedge and finite-size compass still construct all constructible points in the plane?},
    AUTHOR = {Joel David Hamkins},
    HOWPUBLISHED = {MathOverflow question},
    year = {2020},
    NOTE = {},
    EPRINT = {},
    URL = {https://mathoverflow.net/q/365411}
}

@MISC{qntm2020.Twitter:there-exists-a-really-great-joke,
  author =       {{Quarantine 'em}},
  title =        {There's a really great joke},
  howpublished = {Twitter post, @qntm},
  year =         {2020},
  month =        {},
  note =         {},
  abstract =     {},
  keywords =     {},
  source =       {},
  url =          {https://twitter.com/qntm/status/1279802274584330244},
}



@MISC{Madore2020.Twitter:Lord-of-the-rings,
  author =       {David Madore},
  title =        {{Lord of the Rings}},
  howpublished = {Twitter post, @Gro\_tsen},
  year =         {2020},
  month =        {},
  note =         {},
  abstract =     {},
  keywords =     {},
  source =       {},
  url = {https://twitter.com/gro_tsen/status/1211589801306206208},
}


@MISC{Cavasinni2020.Twitter:Characterization-of-real-field,
  author =       {Umberto Cavasinni},
  title =        {Dedekind defined continuity},
  howpublished = {Twitter post, @UmbertoCi},
  year =         {2020},
  month =        {},
  note =         {},
  abstract =     {},
  keywords =     {},
  source =       {},
  url =          {https://twitter.com/UmbertoCi/status/1271971631716618241},
}

@MISC {Hamkins.MO362991:Who-first-characterized-the-real-numbers?,
    TITLE = {Who first characterized the real numbers as the unique complete ordered field?},
    AUTHOR = {Joel David Hamkins},
    HOWPUBLISHED = {MathOverflow question},
    year = {2020},
    NOTE = {},
    EPRINT = {},
    URL = {https://mathoverflow.net/q/362991}
}

@MISC {Ehrlich.MO362999:Who-first-characterized-the-real-numbers?,
    TITLE = {Who first characterized the real numbers as the unique complete ordered field?},
    AUTHOR = {Philip Ehrlich},
    HOWPUBLISHED = {MathOverflow answer},
    year = {2020},
    NOTE = {},
    EPRINT = {},
    URL = {https://mathoverflow.net/q/362999}
}

@MISC{Owens2020.Twitter:All-the-numbers-are-imaginary,
  author =       {Kate Owens},
  title =        {{ALL} the numbers are imaginary},
  howpublished = {Twitter post, @kathmath},
  year =         {2020},
  month =        {},
  note =         {},
  abstract =     {},
  keywords =     {},
  source =       {},
  url =          {https://twitter.com/katemath/status/1175777993979023361},
}


@misc{Wikipedia:Quine(computing),
    author = "Wikipedia",
    title = "Quine (computing)",
    year = "2018",
    url = "https://en.wikipedia.org/wiki/Quine_(computing)",
    urldate = "2018-9-1"
  }

@misc{Wikipedia:Seven-bridges-of-Konigsberg,
    author = "{Wikipedia}",
    title = "Seven Bridges of Königsberg",
    year = "2020",
    url = "https://en.wikipedia.org/wiki/Seven_Bridges_of_K%C3%B6nigsberg",
    }

@MISC{Wikipedia:Schroeder-Bernstein-theorem,
  author =       {Wikipedia},
  title =        {Schröder–Bernstein theorem},
  howpublished = {},
  year =         {2020},
  month =        {},
  note =         {},
  abstract =     {},
  keywords =     {},
  source =       {},
  url =          {https://en.wikipedia.org/wiki/Schr%C3%B6der%E2%80%93Bernstein_theorem},
}


@MISC{oeisA333944,
AUTHOR={Joel David Hamkins},
TITLE={The {O}n-{L}ine {E}ncyclopedia of {I}nteger {S}equences, Constructibility Sequence},
HOWPUBLISHED={http://oeis.org/A333944},
YEAR={2020},
NOTE={}
}

@MISC{Tao2007:Ultrafilters-nonstandard-analysis-and-epsilon-management,
  author =       {Terence Tao},
  title =        {Ultrafilters, nonstandard analysis, and epsilon management},
  howpublished = {https://terrytao.wordpress.com/2007/06/25/ultrafilters-nonstandard-analysis-and-epsilon-management/},
  year =         {2007},
  month =        {June},
  note =         {},
  abstract =     {},
  keywords =     {},
  source =       {},
}


@MISC{Hamkins2020.MO350542:Can-Homega1-Homega2-be-in-synonymy?,
    TITLE = {Can $H_{\omega_1}$ and $H_{\omega_2}$ be in bi-interpretation synonymy?},
    AUTHOR = {Joel David Hamkins},
    HOWPUBLISHED = {MathOverflow question},
    NOTE = {},
    EPRINT = {},
    year = {2020},
    URL = {https://mathoverflow.net/q/350542},
    urldate = {2020-1-16},
}

@MISC{Goldberg2020.MO350585:Can-Homega1-Homega2-be-in-synonymy?,
    TITLE = {Can $H_{\omega_1}$ and $H_{\omega_2}$ be in bi-interpretation synonymy?},
    AUTHOR = {Gabe Goldberg},
    HOWPUBLISHED = {MathOverflow answer},
    NOTE = {},
    EPRINT = {},
    year = {2020},
    URL = {https://mathoverflow.net/q/350585},
    urldate = {2020-1-16},
}

@MISC{Hamkins.blog2018:Different-set-theories-are-never-biinterpretable,
  author =       {Joel David Hamkins},
  title =        {Different set theories are never bi-interpretable},
  howpublished = {{Mathematics and Philosophy of the Infinite}},
  year =         {2018},
  note =         {},
  abstract =     {},
  keywords =     {},
  source =       {},
  url =          {http://jdh.hamkins.org/different-set-theories-are-never-bi-interpretable/},
  urldate =      {2018-3-27},
}


@MISC{Hamkins.MSE3377988:What-is-next-on-constructibility-sequence?,
    TITLE = {What is the next number on the constructibility sequence? And what is the asymptotic growth?},
    AUTHOR = {Joel David Hamkins},
    HOWPUBLISHED = {Mathematics Stack Exchange question},
    NOTE = {},
    EPRINT = {},
    year = {2019},
    URL = {https://math.stackexchange.com/q/3377988},
    urldate = {2019-10-2},
}

@MISC{Nielsen.MSE3418193:What-is-next-on-constructibility-sequence?,
    TITLE = {What is the next number on the constructibility sequence? And what is the asymptotic growth?},
    AUTHOR = {Pace Nielsen},
    HOWPUBLISHED = {Mathematics Stack Exchange answer},
    NOTE = {},
    EPRINT = {},
    URL = {https://math.stackexchange.com/q/3418193},
    year = {2019},
    urldate = {2019-11-1},
}

@MISC{Camarasu.MSE3514953:What-is-next-on-constructibility-sequence?,
    TITLE = {What is the next number on the constructibility sequence? And what is the asymptotic growth?},
    AUTHOR = {Teofil Camarasu},
    HOWPUBLISHED = {Mathematics Stack Exchange answer},
    NOTE = {},
    EPRINT = {},
    URL = {https://math.stackexchange.com/q/3514953},
    urldate = {2020-4-3},
}

@MISC{Richeson2018:Geogebra-chessboard,
  author =       {Dave Richeson},
  title =        {Chessboard (GeoGebra)},
  howpublished = {},
  year =         {2018},
  month =        {September},
  note =         {},
  abstract =     {},
  keywords =     {},
  source =       {},
  url =          {https://www.geogebra.org/m/wfrzeast},
}

@MISC{Dominus.MO1686299:transcendence-game,
    TITLE = {In simple English, what does it mean to be transcendental?},
    AUTHOR = {Mark Dominus},
    HOWPUBLISHED = {Mathematics Stack Exchange answer},
    NOTE = {},
    year = {2016},
    EPRINT = {},
    URL = {https://math.stackexchange.com/q/1686299},
    urldate={2016-03-14},
}

@MISC{Buzzard.MO336191:Cauchy-reals-and-Dedekind-reals-satisfy-same-theorems?,
    TITLE = {Cauchy reals and Dedekind reals satisfy ``the same mathematical theorems.''\gobble},
    AUTHOR = {Kevin Buzzard},
    HOWPUBLISHED = {MathOverflow question},
    year = {2019},
    NOTE = {},
    EPRINT = {},
    URL = {https://mathoverflow.net/q/336191},
    urldate = {2019-07-15},
}

@MISC{Shulman.MO338620:Why-doesn't-mathematics-collapse-even-though-mistakes,
    TITLE = {Why doesn't mathematics collapse down, even though humans quite often make mistakes in their proofs?},
    AUTHOR = {Mike Shulman},
    HOWPUBLISHED = {MathOverflow answer},
    NOTE = {},
    EPRINT = {},
    URL = {https://mathoverflow.net/q/338620},
    year = {2019},
    urldate = {2019-08-18},
}

@MISC{Climenhaga.MO25305:Proofs-without-words,
    TITLE = {Proofs without words},
    AUTHOR = {Vaughn Climenhaga},
    HOWPUBLISHED = {MathOverflow answer},
    year = {2017},
    URL = {https://mathoverflow.net/q/25305},
    urldate = {2017-03-10},
}


@MISC{Hamkins.MO57108:A-remark-of-Connes,
    TITLE = {A remark of Connes},
    AUTHOR = {Joel David Hamkins},
    HOWPUBLISHED = {MathOverflow answer},
    NOTE = {},
    year = {2011},
    EPRINT = {},
    URL = {https://mathoverflow.net/q/57108},
    urldate = {2011-03-02},
}

@MISC{Hamkins.MO12400:Reductio-ad-absurdum-or-the-contrapositive,
    TITLE = {Reductio ad absurdum or the contrapositive?},
    AUTHOR = {Joel David Hamkins},
    HOWPUBLISHED = {MathOverflow answer},
    NOTE = {},
    year = {2017},
    EPRINT = {},
    URL = {https://mathoverflow.net/q/12400},
    urldate = {2017-12-11},
}

@MISC{Hamkins.blog2018:A-new-proof-of-the-barwise-extension-theorem,
  author =       {Joel David Hamkins},
  title =        {A new proof of the {Barwise} extension theorem},
  howpublished = {{Mathematics and Philosophy of the Infinite}},
  year =         {2018},
  month =        {},
  note =         {},
  abstract =     {},
  keywords =     {},
  source =       {},
  url =          {http://wp.me/p5M0LV-1L7},
  urldate =      {2018-07-27},
}

@MISC{Brian.MO307419:Can-an-injective-f:R^m->R^n-have-a-closed-graph,
    TITLE = {Can an injective $f: \Bbb{R}^m \to \Bbb{R}^n$ have a closed graph for $m>n$?},
    AUTHOR = {Will Brian},
    HOWPUBLISHED = {MathOverflow answer},
    year = {2018},
    NOTE = {},
    EPRINT = {},
    URL = {https://mathoverflow.net/q/307419},
    urldate = {2018-08-02},
}

@MISC{Hamkins.blog2018:Nonstandard-models-of-arithmetic-arise-in-the-complex-numbers,
  author =       {Joel David Hamkins},
  title =        {Nonstandard models of arithmetic arise in the complex numbers},
  howpublished = {{Mathematics and Philosophy of the Infinite}},
  year =         {2018},
  month =        {},
  note =         {},
  abstract =     {},
  keywords =     {},
  source =       {},
  url =          {http://wp.me/p5M0LV-1EG},
  urldate =      {2018-3-3},
}



@MISC{Hamkins2015.MO222602:Is-it-consistent-with-ZFC-that-no-nontrivial-forcing-has-automatic-mutual-genericity?,
    TITLE = {Is it consistent with ZFC that no nontrivial forcing notion has automatic mutual genericity?},
    AUTHOR = {Joel David Hamkins},
    HOWPUBLISHED = {MathOverflow question},
    year = {2015},
    NOTE = {},
    EPRINT = {},
    URL = {https://mathoverflow.net/q/222602},
    urldate = {2015-11-04},
}

@MISC{Hamkins2018.MO292083:Is-the-axiom-possible-necessary-phi-implies-necessary-possible-phi-in-ccc-forcing-equivalent-to-productivity?,
    TITLE = {Is the axiom $\Diamond\Box\varphi\to\Box\Diamond\varphi$ in c.c.c. forcing potentialism equivalent to the productivity of c.c.c. forcing?},
    AUTHOR = {Joel David Hamkins},
    HOWPUBLISHED = {MathOverflow question},
    year = {2018},
    NOTE = {},
    EPRINT = {},
    URL = {https://mathoverflow.net/q/292083},
    urldate = {2018-2-4},
}

@MISC{NotMike2018.MO292304:Is-the-axiom-possible-necessary-phi-implies-necessary-possible-phi-in-ccc-forcing-equivalent-to-productivity?,
    TITLE = {Is the axiom $\Diamond\Box\varphi\to\Box\Diamond\varphi$ in c.c.c. forcing potentialism equivalent to the productivity of c.c.c. forcing?},
    AUTHOR = {Michael Blackmon},
    HOWPUBLISHED = {MathOverflow answer},
    year = {2018},
    NOTE = {(https://mathoverflow.net/users/8843/not-mike)},
    EPRINT = {},
    URL = {https://mathoverflow.net/q/292304},
    urldate = {2018-2-9}
}

@MISC{Hamkins.blog2017:The-universal-definition,
  author =       {Joel David Hamkins},
  title =        {The universal definition---it can define any mathematical object you like, in the right set-theoretic universe},
  howpublished = {{Mathematics and Philosophy of the Infinite}},
  year =         {2017},
  month =        {},
  note =         {},
  abstract =     {},
  keywords =     {},
  source =       {},
  url =          {http://jdh.hamkins.org/the-universal-definition/},
  urldate =      {2017-6-5},
}

@MISC{Reitz2013.MO118477:Is-every-class-that-does-not-add-sets-necessarily-added-by-forcing,
    TITLE = {Is every class that does not add sets necessarily added by forcing?},
    AUTHOR = {Jonas Reitz},
    HOWPUBLISHED = {MathOverflow question},
    year = {2013},
    URL = {https://mathoverflow.net/q/118477},
    urldate = {2013-1-9},
}

@MISC{Hamkins2013.MO118525:Is-every-class-that-does-not-add-sets-necessarily-added-by-forcing,
    TITLE = {Is every class that does not add sets necessarily added by forcing?},
    AUTHOR = {Joel David Hamkins},
    HOWPUBLISHED = {MathOverflow answer},
    year = {2013},
    urldate = {2013-01-10},
    URL = {https://mathoverflow.net/q/118525},
}


@MISC{Hamkins.blog2016:Every-function-can-be-computable,
  author =       {Joel David Hamkins},
  title =        {Every function can be computable!},
  howpublished = {{Mathematics and Philosophy of the Infinite}},
  year =         {2016},
  month =        {},
  note =         {},
  abstract =     {},
  keywords =     {},
  source =       {},
  url =          {http://jdh.hamkins.org/every-function-can-be-computable/},
  urldate =      {2016-03-25},
}

@MISC{Hamkins.blog2017:A-program-that-accepts-exactly-any-desired-set-in-the-right-universe,
  author =       {Joel David Hamkins},
  title =        {A program that accepts exactly any desired set, in the right universe},
  howpublished = {{Mathematics and Philosophy of the Infinite}},
  year =         {2017},
  month =        {},
  note =         {},
  abstract =     {},
  keywords =     {},
  source =       {},
  url =          {http://jdh.hamkins.org/a-program-that-accepts-any-desired-finite-set-in-the-right-universe/},
  urldate =      {2017-05-06},
}

@MISC{Hamkins.blog2017:The-universal-algorithm-a-new-simple-proof-of-Woodins-theorem,
  author =       {Joel David Hamkins},
  title =        {The universal algorithm: a new simple proof of Woodin's theorem},
  howpublished = {{Mathematics and Philosophy of the Infinite}},
  year =         {2017},
  month =        {},
  note =         {},
  abstract =     {},
  keywords =     {},
  source =       {},
  url =          {http://jdh.hamkins.org/the-universal-algorithm-a-new-simple-proof-of-woodins-theorem/},
  urldate =      {2017-05-28},
}

@MISC{Barton.MSE1912624:What-is-the-consistency-strength-of-width-reflection?,
    TITLE = {What is the consistency strength of width reflection?},
    AUTHOR = {Neil Barton},
    year = {2016},
    HOWPUBLISHED = {Mathematics Stack Exchange question},
    NOTE = {},
    EPRINT = {},
    URL = {https://math.stackexchange.com/q/1912624},
    urldate = {2016-9-3},
}

@MISC{Hamkins.blog2014:Local-properties-in-set-theory,
  author =       {Joel David Hamkins},
  title =        {Local properties in set theory},
  howpublished = {{Mathematics and Philosophy of the Infinite}},
  year =         {2014},
  month =        {},
  note =         {},
  abstract =     {},
  keywords =     {},
  source =       {},
  url =          {http://jdh.hamkins.org/local-properties-in-set-theory/},
}


@MISC{Serargus.MO12024:Proofs-without-words-Fibonacci,
    TITLE = {Proofs without words},
    AUTHOR = {Serargus},
    HOWPUBLISHED = {MathOverflow answer},
    NOTE = {},
    EPRINT = {},
    URL = {http://mathoverflow.net/q/12024},
    year = {2010},
    urldate = {2014-6-17},
}

@MISC{Pritchard.MO24828:Proofs-without-words-sum-of-cubes,
    TITLE = {Proofs without words},
    AUTHOR = {Dave Pritchard},
    HOWPUBLISHED = {MathOverflow answer},
    NOTE = {},
    EPRINT = {},
    URL = {http://mathoverflow.net/q/24828},
    year = {2010},
    urldate = {2014-6-17},
}

@MISC{Silagadze.MO163807:Proofs-without-words-Sum,
    TITLE = {Proofs without words},
    AUTHOR = {Zurab Silagadze},
    HOWPUBLISHED = {MathOverflow answer},
    NOTE = {},
    EPRINT = {},
    URL = {http://mathoverflow.net/q/163807},
    year = {2014},
    urldate = {2014-6-19},
}

@MISC{OConnor.MO17347:Proofs-without-words-31.5=32.5,
    TITLE = {Proofs without words},
    AUTHOR = {Russell O'Connor},
    HOWPUBLISHED = {MathOverflow answer},
    NOTE = {},
    EPRINT = {},
    URL = {http://mathoverflow.net/q/17347},
    year = {2010},
    urldate = {2014-6-17},
}

@MISC{Shreevatsa.MO17328:Proofs-without-words-chess-snake,
    TITLE = {Proofs without words},
    AUTHOR = {Shreevatsa},
    HOWPUBLISHED = {MathOverflow answer},
    NOTE = {},
    EPRINT = {},
    URL = {http://mathoverflow.net/q/17328},
    year = {2010},
    urldate = {2016-5-3},
}

@MISC{SuarezAlvarez2009.MO8847:Proofs-without-words-n-choose-2,
    TITLE = {Proofs without words},
    AUTHOR = {Mariano Su\'arez-\'Alvarez},
    HOWPUBLISHED = {MathOverflow answer},
    NOTE = {},
    EPRINT = {},
    URL = {http://mathoverflow.net/q/8847},
    year = {2009},
    urldate = {2014-6-17}
}

@MISC{SuarezAlvarez2009.MO8846:Proofs-without-words,
    TITLE = {Proofs without words},
    AUTHOR = {Mariano Su\'arez-\'Alvarez},
    HOWPUBLISHED = {MathOverflow question},
    NOTE = {},
    EPRINT = {},
    URL = {http://mathoverflow.net/q/8846},
    year ={2009},
    urldate = {2016-12-4},
}

@MISC{Anonymous2016.MO2066805:Why-is-this-proof-by-induction-not-valid,
    TITLE = {Why is this ``proof'' by induction not valid?},
    AUTHOR = {{User3203476}},
    HOWPUBLISHED = {Mathematics Stack Exchange question},
    NOTE = {},
    EPRINT = {},
    URL = {http://math.stackexchange.com/q/2066805},
    year = {2016},
    urldate = {2016-12-21},
}


@MISC{Dickman2013.MO152300:Elementary+Short+Useful,
    TITLE = {Elementary+Short+Useful},
    AUTHOR = {Benjamin Dickman},
    HOWPUBLISHED = {MathOverflow answer},
    NOTE = {},
    EPRINT = {},
    URL = {http://mathoverflow.net/q/152300},
    year = {2013},
    urldate = {2016-12-17},
}

@MISC{Hamkins2010.MO46538:Can-Vopenkas-principle-be-violated-definably?,
    TITLE = {Can {Vop\v{e}nka's} principle be violated definably?},
    AUTHOR = {Joel David Hamkins},
    HOWPUBLISHED = {MathOverflow answer},
    NOTE = {},
    EPRINT = {},
    URL = {http://mathoverflow.net/q/46538},
    year = {2010},
    urldate = {2010-11-18},
}

@MISC{Hamkins2013.MO144236:IsTheInclusionVersionOfTheKunenInconsistencyTheoremTrue?,
    TITLE = {Is the inclusion version of {Kunen} inconsistency theorem true?},
    AUTHOR = {Joel David Hamkins},
    year = {2013},
    HOWPUBLISHED = {MathOverflow answer},
    NOTE = {http://mathoverflow.net/a/144236/1946 (accessed 2016-4-25)},
    EPRINT = {http://mathoverflow.net/a/144236/1946},
    URL = {http://mathoverflow.net/a/144236/1946}
}

@MISC{Hardy2015.MO214728:HowManyRearrangementsMustFail?,
    TITLE = {How many rearrangements must fail to alter the value of a sum before you conclude that none do?},
    AUTHOR = {Michael Hardy},
    HOWPUBLISHED = {MathOverflow question},
    year = {2015},
    NOTE = {http://mathoverflow.net/q/214728 (version: 2015-08-14)},
    EPRINT = {http://mathoverflow.net/q/214728},
    URL = {http://mathoverflow.net/q/214728}
}

@MISC{Hamkins2015:BlogPostUpwardClosureInTheToyMultiverseOfAllCountableModelsOfSetTheory,
  author =       {Joel David Hamkins},
  title =        {Upward closure in the toy multiverse of all countable models of set theory},
  howpublished = {Mathematics and Philosophy of the Infinite (blog post)},
  year =         {2015},
  url =          {http://jdh.hamkins.org/upward-closure-in-the-toy-multiverse-of-all-countable-models-of-set-theory},
  month =        {},
  note =         {\href{http://jdh.hamkins.org/upward-closure-in-the-toy-multiverse-of-all-countable-models-of-set-theory}{\tiny http://jdh.hamkins.org/upward-closure-in-the-toy-multiverse-of-all-countable-models-of-set-theory}},
  abstract =     {},
  keywords =     {},
  source =       {},
}

@MISC{Hamkins2015:BlogPostUpwardClosureInTheGenericMultiverseOfForcingToAddACohenReal,
  author =       {Joel David Hamkins},
  title =        {Upward closure in the generic multiverse of forcing to add a Cohen real},
  howpublished = {Mathematics and Philosophy of the Infinite (blog post)},
  year =         {2015},
  url =          {http://jdh.hamkins.org/upward-countable-closure-in-the-generic-multiverse-of-forcing-to-add-a-cohen-real},
  month =        {},
  note =         {\href{http://jdh.hamkins.org/upward-countable-closure-in-the-generic-multiverse-of-forcing-to-add-a-cohen-real}{\tiny http://jdh.hamkins.org/upward-countable-closure-in-the-generic-multiverse-of-forcing-to-add-a-cohen-real}},
  abstract =     {},
  keywords =     {},
  source =       {},
}


@MISC{Hamkins2015.MO214779:HowManyRearrangementsMustFail?,
    TITLE = {How many rearrangements must fail to alter the value of a sum before you conclude that none do?},
    AUTHOR = {Joel David Hamkins},
    HOWPUBLISHED = {MathOverflow answer},
    year = {2015},
    NOTE = {http://mathoverflow.net/q/214779 (version: 2015-08-14)},
    EPRINT = {http://mathoverflow.net/q/214779},
    URL = {http://mathoverflow.net/q/214779}
}

@MISC{Larson.MO215252:HowManyRearrangementsMustFail?,
    TITLE = {How many rearrangements must fail to alter the value of a sum before you conclude that none do?},
    AUTHOR = {Paul Larson},
    HOWPUBLISHED = {MathOverflow amswer},
    year = {2015},
    NOTE = {http://mathoverflow.net/q/215252 (version: 2015-08-20)},
    EPRINT = {http://mathoverflow.net/q/215252},
    URL = {http://mathoverflow.net/q/215252}
}

@MISC{Brian2015.MO215262:HowManyRearrangementsMustFail?,
    TITLE = {How many rearrangements must fail to alter the value of a sum before you conclude that none do?},
    AUTHOR = {Will Brian},
    HOWPUBLISHED = {MathOverflow answer},
    year = {2015},
    NOTE = {http://mathoverflow.net/q/215262 (version: 2015-08-20)},
    EPRINT = {http://mathoverflow.net/q/215262},
    URL = {http://mathoverflow.net/q/215262}
}

@MISC{MO203607Hamkins2015:WhenDoesVopenkasPrincipleHold?,
    TITLE = {When does {\Vopenka's} principle hold?},
    AUTHOR = {Joel David Hamkins},
    year= {2015},
    HOWPUBLISHED = {MathOverflow answer},
    NOTE = {http://mathoverflow.net/q/203607 (version: 2015-04-23)},
    EPRINT = {http://mathoverflow.net/q/203607},
    URL = {http://mathoverflow.net/q/203607}
}

@MISC{MO203640Hamkins2015:WhenDoesVopenkasPrincipleHold?,
    TITLE = {When does {\Vopenka's} principle hold?},
    AUTHOR = {Joel David Hamkins},
    year= {2015},
    HOWPUBLISHED = {MathOverflow answer},
    NOTE = {http://mathoverflow.net/q/203640 (version: 2015-04-23)},
    EPRINT = {http://mathoverflow.net/q/203640},
    URL = {http://mathoverflow.net/q/203640}
}

@MISC{MO203603Schweber2015:WhenDoesVopenkasPrincipleHold?,
    TITLE = {When does {\Vopenka's} principle hold?},
    AUTHOR = {Noah Schweber},
    HOWPUBLISHED = {MathOverflow question},
    year = {2015},
    NOTE = {http://mathoverflow.net/q/203603 (version: 2015-04-23)},
    EPRINT = {http://mathoverflow.net/q/203603},
    URL = {http://mathoverflow.net/q/203603}
}

@MISC{MO101821Hamkins2012:CanThereBeAnEmbeddingj:VtoL?,
    TITLE = {Can there be an embedding {$j:V\to L$}, from the set-theoretic universe {$V$} to the constructible universe {$L$},
    when {$V\neq L$}? },
    AUTHOR = {Joel David Hamkins},
    HOWPUBLISHED = {MathOverflow question},
    year = {2012},
    NOTE = {http://mathoverflow.net/q/101821 (version: 2012-07-10)},
    EPRINT = {http://mathoverflow.net/q/101821},
    URL = {http://mathoverflow.net/q/101821}
}

@MISC{Hamkins2012.MO110823:DoesZFCProveTheUniverseIsLinearlyOrderable?,
    TITLE = {Does {ZFC} prove the universe is linearly orderable?},
    AUTHOR = {Joel David Hamkins},
    HOWPUBLISHED = {MathOverflow answer},
    year = {2012},
    NOTE = {http://mathoverflow.net/q/110823 (version: 2012-11-03)},
    EPRINT = {http://mathoverflow.net/q/110823},
    URL = {http://mathoverflow.net/q/110823}
}

@MISC{MO180734Hamkins2014:ConsistentEveryDefinableSetHasDefinableMember,
    TITLE = {Is it consistent with {ZFC} (or {ZF}) that every definable family of sets has at least one definable member?},
    AUTHOR = {Joel David Hamkins},
    HOWPUBLISHED = {MathOverflow answer},
    NOTE = {http://mathoverflow.net/q/180734 (version: 2014-09-15)},
    year = {2014},
    EPRINT = {http://mathoverflow.net/q/180734},
    URL = {http://mathoverflow.net/q/180734}
}

@MISC{MO10415Hamkins2010:DefinableCollectionsWithoutDefinableMembers,
    TITLE = {Definable collections without definable members (in {ZF})},
    AUTHOR = {Joel David Hamkins},
    HOWPUBLISHED = {MathOverflow answer},
    year = {2010},
    NOTE = {http://mathoverflow.net/q/10415 (version: 2010-01-02)},
    EPRINT = {http://mathoverflow.net/q/10415},
    URL = {http://mathoverflow.net/q/10415}
}

@MISC{MO180850Hamkins2014:EverySigma2DefinableSetHasODelement,
    TITLE = {Can {$V\neq\HOD$}, if every {$\Sigma_2$}-definable set has an ordinal-definable element?},
    AUTHOR = {Joel David Hamkins},
    HOWPUBLISHED = {MathOverflow answer},
    NOTE = {http://mathoverflow.net/q/180850 (version: 2014-09-15)},
    year = {2014},
    EPRINT = {http://mathoverflow.net/q/180850},
    URL = {http://mathoverflow.net/q/180850}
}

@MISC{MO175838Hayut2014:StronglyCompactCardinalWithBadCoveringProperties,
    TITLE = {Strongly compact cardinal with bad covering properties},
    AUTHOR = {Yair Hayut},
    HOWPUBLISHED = {MathOverflow question},
    NOTE = {http://mathoverflow.net/q/175838 (version: 2014-07-11)},
    year = {2014},
    EPRINT = {http://mathoverflow.net/q/175838},
    URL = {http://mathoverflow.net/q/175838}
}

@MISC{MO173263Hayut2014:CoveringPropertiesOfStronglyCompactEmbedding,
    TITLE = {Covering properties of strongly compact embedding},
    AUTHOR = {Yair Hayut},
    HOWPUBLISHED = {MathOverflow question},
    year = {2014},
    NOTE = {http://mathoverflow.net/q/173263 (version: 2014-07-04)},
    EPRINT = {http://mathoverflow.net/q/173263},
    URL = {http://mathoverflow.net/q/173263}
}


@MISC{Hamkins.blog2014:KMImpliesCon(ZFC)AndMuchMore,
  author =       {Joel David Hamkins},
  title =        {{Kelley-Morse} set theory implies {Con(ZFC)} and much more},
  howpublished = {Mathematics and philosophy of the infinite, blog post},
  year =         {2014},
  month =        {},
  url =          {http://jdh.hamkins.org/km-implies-conzfc},
  abstract =     {},
  keywords =     {},
  source =       {},
}

@MISC{MO141387Hamkins:IsThereASubsetOfTheNaturalNumberPlaneWhichDoesntKnowWhichOfItsSlicesAreArithmetic?,
    TITLE = {Is there a subset of the natural number plane, which doesn't know which of its slices are arithmetic?},
    AUTHOR = {Joel David Hamkins},
    HOWPUBLISHED = {MathOverflow question},
    NOTE = {http://mathoverflow.net/q/141387 (version: 2013-09-05)},
    year = {2013},
    EPRINT = {http://mathoverflow.net/q/141387},
    URL = {http://mathoverflow.net/q/141387},
}

@MISC{MO136057Daghighi:IsThereAnyLargeCardinalBeyondKunenInconsistency?,
    TITLE = {Is there any large cardinal beyond Kunen inconsistency?},
    AUTHOR = {Ali Sadegh Daghighi},
    HOWPUBLISHED = {MathOverflow question},
    urldate = {2013-07-08},
    EPRINT = {},
    URL = {http://mathoverflow.net/q/136057},
    year={2013},
}

@MISC{MO120546Hamkins:CanAModelBeACohenExtensionInTwoDifferentWays?,
    TITLE = {{C}an a model of set theory be realized as a {C}ohen-subset forcing extension in two different ways, with different grounds and different cardinals?},
    AUTHOR = {Joel David Hamkins},
    HOWPUBLISHED = {MathOverflow question},
    year = {2013},
    EPRINT = {},
    URL = {http://mathoverflow.net/q/120546},
    urldate = {2013-2-1},
}

@MISC{MO71537Leahy:PointwiseAlgebraicModelsOfSetTheory,
    TITLE = {{P}ointwise algebraic models of set theory},
    AUTHOR = {Cole E. Leahy},
    HOWPUBLISHED = {MathOverflow question},
    year ={2011},
    urldate = {2011-07-29},
    EPRINT = {},
    URL = {http://mathoverflow.net/q/71537},
}

@MISC{MO27967Stanley:DecidabilityOfInfiniteChess,
    TITLE = {{D}ecidability of chess on an infinite board},
    AUTHOR = {Richard Stanley},
    HOWPUBLISHED = {MathOverflow question},
    year = {2010},
    urldate = {2010-07-20},
    EPRINT = {},
    URL = {http://mathoverflow.net/q/27967},
}

@MISC{MO63423Wastlund:CheckmateInOmegaMoves,
    TITLE = {{C}heckmate in $\omega$ moves?},
    AUTHOR = {Johan W{\"a}stlund\phantom{x}(mathoverflow.net/users/14302)},
    HOWPUBLISHED = {MathOverflow question},
    year = {2011},
    urldate = {2011-04-29},
    EPRINT = {},
    URL = {http://mathoverflow.net/q/63423},
}

@MISC{IBMPonderThisChallenge2011:InfiniteChess,
  author =       {IBM Research},
  title =        {Ponder This Challenge},
  howpublished = {\url{http://domino.research.ibm.com/Comm/wwwr\_ponder.nsf/challenges/December2011.html}},
  year =         {2011},
  month =        {December},
  note =         {},
  abstract =     {},
  keywords =     {},
  source =       {},
}

@misc{HamkinsMO6594:AnswerToWhatAreSomeReasonable-soundingStatementsIndepOfZFC?,
 title = {What are some reasonable-sounding statements that are independent of {ZFC}?},
 author = {Joel David Hamkins},
 howpublished = {answer to MathOverflow question},
 year = {2009},
 urldate = {2009-11-25},
 eprint = {},
 url = {http://mathoverflow.net/q/6594},
}

@MISC{MSE64095Delanoy:ComparingCountableModelsOfZFC,
    TITLE = {Comparing countable models of {ZFC}},
    AUTHOR = {Delanoy, Ewan},
    HOWPUBLISHED = {Mathematics},
    year = {2011},
    urldate = {2011-09-13},
    EPRINT = {},
    URL = {http://math.stackexchange.com/q/64095},
}

@MISC{MO63456Blass:CheckmateInOmegaMoves,
    TITLE = {Checkmate in $\omega$ moves?},
    AUTHOR = {Andreas Blass\phantom{x}(mathoverflow.net/users/6794)},
    HOWPUBLISHED = {MathOverflow question},
    urldate = {2012-01-22},
    EPRINT = {},
    URL = {http://mathoverflow.net/q/63456},
}

@MISC{Hamkins.MO44102:AnalysisInFactAnalysisOfDefinableNumbers,
   TITLE = {Is analysis as taught in universities in fact the analysis of definable numbers?},
   AUTHOR = {Joel David Hamkins},
   HOWPUBLISHED = {MathOverflow answer},
   year = {2010},
   urldate = {2010-10-29},
   URL = {http://mathoverflow.net/q/44102},
  }

@MISC{MO6262:DoesEverySetAdmitARigidBinaryRelation?,
   TITLE = {Does every set admits a rigid binary relation? (And how is this related to the axiom of choice?)},
   AUTHOR = {Joel David Hamkins},
   HOWPUBLISHED = {MathOverflow question and answer},
   urldate = {2009-11-20},
   EPRINT = {},
   URL = {http://mathoverflow.net/q/6262},
  }

@MISC{MO81568:ElementaryEmbeddings,
    TITLE = {elementary embeddings},
    AUTHOR = {Andr\'es Caicedo\phantom{x}(mathoverflow.net/users/6085)},
    HOWPUBLISHED = {MathOverflow question},
    urldate = {2011-11-22},
    URL = {http://mathoverflow.net/q/81568},
}

@MISC {MO59800.Caicedo:Nonlinearity-of-consistency-strength,
    TITLE = {(Non?)-linearity of the consistency strength ordering in ZF},
    AUTHOR = {Andrés E. Caicedo},
    HOWPUBLISHED = {MathOverflow answer},
    year = {2011},
    NOTE = {},
    EPRINT = {},
    URL = {https://mathoverflow.net/q/59800},
}

@MISC {MO236436.Hamkins:Does-consistency-strength-hierarchy-coincide-with-arithmetic-consequence?,
    TITLE = {Does the consistency strength hierarchy coincide with the ``arithmetic consequence'' hierarchy at ZF + Reinhardt?},
    AUTHOR = {Joel David Hamkins},
    HOWPUBLISHED = {MathOverflow answer},
    year = {2016},
    NOTE = {},
    EPRINT = {},
    URL = {https://mathoverflow.net/q/236436}
}
