@misc{gomes_2017, 
	title={Our Latest Quality Improvements for Search}, 
	url={https://www.blog.google/products/search/our-latest-quality-improvements-search/}, 
	journal={Google}, 
	publisher={Google}, 
	author={Gomes, Ben}, 
	year={2017}, 
	month={4},
	note = {Accessed: 2022-01-24}
} 

@misc{the_guardian_2017, 
	title={Google tells Army of 'Quality Raters' to Flag Holocaust denial},
	url={https://www.theguardian.com/technology/2017/mar/15/google-quality-raters-flag-holocaust-denial-fake-news}, 
	author={{The Guardian}}, 
	publisher={Guardian News and Media}, 
	year={2017}, 
	month={3},
	note = {Accessed: 2022-01-24}
}

@article{LUCCHESE2020100614,
	title = {RankEval: Evaluation and Investigation of Ranking Models},
	journal = {SoftwareX},
	volume = {12},
	pages = {100614},
	year = {2020},
	issn = {2352-7110},
	author = {Claudio Lucchese and Cristina Ioana Muntean and Franco Maria Nardini and Raffaele Perego and Salvatore Trani},
}

@InProceedings{10.1007/978-3-030-99739-7_38,
	author="MacAvaney, Sean
	and Macdonald, Craig
	and Ounis, Iadh",
	title="Streamlining Evaluation with ir-measures",
	booktitle="Advances in Information Retrieval",
	year="2022",
	publisher="Springer International Publishing",
}

@inproceedings{10.1145/3077136.3084140,
	author = {Lucchese, Claudio and Muntean, Cristina Ioana and Nardini, Franco Maria and Perego, Raffaele and Trani, Salvatore},
	title = {RankEval: An Evaluation and Analysis Framework for Learning-to-Rank Solutions},
	year = {2017},
	booktitle = {Proceedings of the 40th International ACM SIGIR Conference on Research and Development in Information Retrieval},
	pages = {1281–1284},
	location = {Shinjuku, Tokyo, Japan},
}

@inproceedings{10.1145/3397271.3401093,
	author = {MacAvaney, Sean and Nardini, Franco Maria and Perego, Raffaele and Tonellotto, Nicola and Goharian, Nazli and Frieder, Ophir},
	title = {Efficient Document Re-Ranking for Transformers by Precomputing Term Representations},
	year = {2020},
	booktitle = {Proceedings of the 43rd International {ACM} {SIGIR} Conference on Research and Development in Information Retrieval},
	pages = {49–58},
	location = {Virtual Event, China},
}

@article{xcleaver,
	author = {Lucchese, Claudio and Nardini, Franco Maria and Orlando, Salvatore and Perego, Raffaele and Silvestri, Fabrizio and Trani, Salvatore},
	title = {X-CLEaVER: Learning Ranking Ensembles by Growing and Pruning Trees},
	year = {2018},
	issue_date = {November 2018},
	publisher = {Association for Computing Machinery},
	address = {New York, NY, USA},
	volume = {9},
	number = {6},
	journal = {ACM Transactions on Intelligent Systems and Technology},
	month = oct,
	articleno = {62},
	numpages = {26},
}

@article{MOLINA202138,
	title = {Efficient Traversal of Decision Tree Ensembles with FPGAs},
	journal = {Journal of Parallel and Distributed Computing},
	volume = {155},
	pages = {38-49},
	year = {2021},
	author = {Romina Molina and Fernando Loor and Veronica Gil-Costa and Franco Maria Nardini and Raffaele Perego and Salvatore Trani},
}

@InProceedings{10.1007/978-3-030-99736-6_18,
	author="Gil-Costa, Veronica
	and Loor, Fernando
	and Molina, Romina
	and Nardini, Franco Maria
	and Perego, Raffaele
	and Trani, Salvatore",
	title="Ensemble Model Compression for Fast and Energy-Efficient Ranking on FPGAs",
	booktitle="Advances in Information Retrieval",
	year="2022",
	publisher="Springer",
	pages="260--273",
}

@inproceedings{DBLP:conf/sigir/BusolinLN00T21,
	author    = {Francesco Busolin and
			  Claudio Lucchese and
			  Franco Maria Nardini and
			  Salvatore Orlando and
			  Raffaele Perego and
			  Salvatore Trani},
	title     = {Learning Early Exit Strategies for Additive Ranking Ensembles},
	booktitle = {Proceedings of the 44th International {ACM} {SIGIR} Conference on Research
			  and Development in Information Retrieval, Virtual Event, Canada},
	pages     = {2217--2221},
	year      = {2021},
}

@inproceedings{10.1145/3397271.3401256,
	author = {Lucchese, Claudio and Nardini, Franco Maria and Orlando, Salvatore and Perego, Raffaele and Trani, Salvatore},
	title = {Query-Level Early Exit for Additive Learning-to-Rank Ensembles},
	year = {2020},
	publisher = {ACM},
	address = {New York, NY, USA},
	booktitle = {Proceedings of the 43rd International {ACM} {SIGIR} Conference on Research and Development in Information Retrieval},
	pages = {2033–2036},
	numpages = {4},
	location = {Virtual Event, China},
	series = {SIGIR '20}
}

@inproceedings{10.1145/3397271.3401262,
	author = {MacAvaney, Sean and Nardini, Franco Maria and Perego, Raffaele and Tonellotto, Nicola and Goharian, Nazli and Frieder, Ophir},
	title = {Expansion via Prediction of Importance with Contextualization},
	year = {2020},
	booktitle = {Proceedings of the 43rd International {ACM} {SIGIR} Conference on Research and Development in Information Retrieval},
	pages = {1573–1576},
}

@ARTICLE{9716821,
	author={Nardini, Franco Maria and Rulli, Cosimo and Trani, Salvatore and Venturini, Rossano},
	journal={IEEE Transactions on Knowledge and Data Engineering}, 
	title={Distilled Neural Networks for Efficient Learning to Rank}, 
	year={2022},
	volume={},
	number={},
	pages={1-1},
}

@article{gao2021unsupervised,
	title={Unsupervised Corpus Aware Language Model Pre-training for Dense Passage Retrieval},
	author={Gao, Luyu and Callan, Jamie},
	eprint = {2108.05540},
	archivePrefix = {arXiv},
	primaryClass = {cs.IR},
	year={2021}
}

@article{gao2021condenser,
	title={Condenser: a Pre-training Architecture for Dense Retrieval},
	author={Gao, Luyu and Callan, Jamie},
	eprint = {2104.08253},
	archivePrefix = {arXiv},
	primaryClass = {cs.CL},
	year={2021}
}

@inproceedings{10.1145/3404835.3462880,
	author = {Zhan, Jingtao and Mao, Jiaxin and Liu, Yiqun and Guo, Jiafeng and Zhang, Min and Ma, Shaoping},
	title = {Optimizing Dense Retrieval Model Training with Hard Negatives},
	year = {2021},
	booktitle = {Proceedings of the 44th International ACM SIGIR Conference on Research and Development in Information Retrieval},
	pages = {1503–1512},
	numpages = {10},
	location = {Virtual Event, Canada},
}

@article{lindgren2021efficient,
	title={Efficient Training of Retrieval Models using Negative Cache},
	author={Lindgren, Erik and Reddi, Sashank and Guo, Ruiqi and Kumar, Sanjiv},
	journal={Advances in Neural Information Processing Systems},
	volume={34},
	pages={4134--4146},
	year={2021}
}

@article{lin2020distilling,
	title={Distilling Dense Representations for Ranking using Tightly-coupled Teachers},
	author={Lin, Sheng-Chieh and Yang, Jheng-Hong and Lin, Jimmy},
	eprint={2010.11386},
	archivePrefix={arXiv},
	primaryClass={cs.IR},
	year={2020}
}

@inproceedings{10.1145/3397271.3401075,
	author = {Khattab, Omar and Zaharia, Matei},
	title = {ColBERT: Efficient and Effective Passage Search via Contextualized Late Interaction over BERT},
	year = {2020},
	booktitle = {Proceedings of the 43rd International ACM SIGIR Conference on Research and Development in Information Retrieval},
	pages = {39–48},
	numpages = {10},
	location = {Virtual Event, China},
	organization={ACM}
}

@incollection{Buckley:2005,
	author      = "Chris Buckley and Ellen Voorhees",
	title       = "Retrieval System Evaluation",
	booktitle   = "TREC: Experiment and Evaluation in Information Retrieval",
	publisher   = "MIT Press",
	year        = 2005,
	chapter     = 3,
}

@inproceedings{DBLP:conf/iclr/XiongXLTLBAO21,
	author    = {Lee Xiong and
			  Chenyan Xiong and
			  Ye Li and
			  Kwok{-}Fung Tang and
			  Jialin Liu and
			  Paul N. Bennett and
			  Junaid Ahmed and
			  Arnold Overwijk},
	title     = {Approximate Nearest Neighbor Negative Contrastive Learning for Dense
			  Text Retrieval},
	booktitle = {9th International Conference on Learning Representations, {ICLR} 2021,
			  Virtual Event, Austria, May 3-7, 2021},
	publisher = {OpenReview.net},
	year      = {2021},
}

@inproceedings{karpukhin-etal-2020-dense,
	title = "Dense Passage Retrieval for Open-Domain Question Answering",
	author = "Karpukhin, Vladimir  and
	Oguz, Barlas  and
	Min, Sewon  and
	Lewis, Patrick  and
	Wu, Ledell  and
	Edunov, Sergey  and
	Chen, Danqi  and
	Yih, Wen-tau",
	booktitle = "Proceedings of the 2020 Conference on Empirical Methods in Natural Language Processing",
	month = nov,
	year = "2020",
	pages = "6769--6781",
}

@inproceedings{Wang:2010:RUT:1871437.1871452,
	author = {Wang, Lidan and Metzler, Donald and Lin, Jimmy},
	title = {Ranking Under Temporal Constraints},
	booktitle = {Proceedings of the 19th ACM International Conference on Information and Knowledge Management},
	year = {2010},
	location = {Toronto, ON, Canada},
	pages = {79--88},
	numpages = {10},
} 

@inproceedings{kohavi2013online,
	title={Online Controlled Experiments at Large Scale},
	author={Kohavi, Ron and Deng, Alex and Frasca, Brian and Walker, Toby and Xu, Ya and Pohlmann, Nils},
	booktitle={Proceedings of the 19th ACM SIGKDD international conference on Knowledge discovery and data mining},
	pages={1168--1176},
	year={2013},
}

@inproceedings{dredze2007learning,
	title={Learning Fast Classifiers for Image Spam.},
	author={Dredze, Mark and Gevaryahu, Reuven and Elias-Bachrach, Ari},
	booktitle={CEAS},
	pages={2007--487},
	year={2007}
}

@article{efron2004least,
	title={Least Angle Regression},
	author={Efron, Bradley and Hastie, Trevor and Johnstone, Iain and Tibshirani, Robert and others},
	journal={The Annals of Statistics},
	volume={32},
	number={2},
	pages={407--499},
	year={2004},
	publisher={Institute of Mathematical Statistics}
}

@inproceedings{mohan2011web,
	title={Web-search Ranking with Initialized Gradient Boosted Regression Trees},
	author={Mohan, Ananth and Chen, Zheng and Weinberger, Kilian},
	booktitle={Proceedings of the learning to rank challenge},
	pages={77--89},
	year={2011}
}

@inproceedings{dundar2007joint,
	title={Joint optimization of cascaded classifiers for computer aided detection},
	author={Dundar, M Murat and Bi, Jinbo},
	booktitle={2007 IEEE Conference on Computer Vision and Pattern Recognition},
	pages={1--8},
	year={2007},
	organization={IEEE}
}

@inproceedings{chen2012classifier,
	title={Classifier cascade for minimizing feature evaluation cost},
	author={Chen, Minmin and Xu, Zhixiang and Weinberger, Kilian and Chapelle, Olivier and Kedem, Dor},
	booktitle={Artificial Intelligence and Statistics},
	pages={218--226},
	year={2012}
}

@article{chapelle2011boosted,
	title={Boosted Multi-task Learning},
	author={Chapelle, Olivier and Shivaswamy, Pannagadatta and Vadrevu, Srinivas and Weinberger, Kilian and Zhang, Ya and Tseng, Belle},
	journal={Machine learning},
	volume={85},
	number={1-2},
	pages={149--173},
	year={2011},
	publisher={Springer}
}

@inproceedings{zheng2008general,
	title={A General Boosting Method and its Application to Learning Ranking Functions for Web Search},
	author={Zheng, Zhaohui and Zha, Hongyuan and Zhang, Tong and Chapelle, Olivier and Chen, Keke and Sun, Gordon},
	booktitle={Advances in Neural Information Processing Systems},
	pages={1697--1704},
	year={2008}
}

@article{weinberger2009feature,
	title={Feature hashing for large scale multitask learning},
	author={Weinberger, Kilian and Dasgupta, Anirban and Attenberg, Josh and Langford, John and Smola, Alex},
	journal={arXiv preprint arXiv:0902.2206},
	year={2009}
}

@inproceedings{fleck1996finding,
	title={Finding naked people},
	author={Fleck, Margaret M and Forsyth, David A and Bregler, Chris},
	booktitle={European Conference on Computer Vision},
	pages={593--602},
	year={1996},
	organization={Springer}
}

@inproceedings{ba2014deep,
	title={Do Deep Nets Really Need to be Deep?},
	author={Ba, Jimmy and Caruana, Rich},
	booktitle={Advances in neural information processing systems},
	pages={2654--2662},
	year={2014}
}

@article{hinton2012improving,
	title={Improving Neural Networks by Preventing Co-adaptation of Feature Detectors},
	author={Hinton, Geoffrey E and Srivastava, Nitish and Krizhevsky, Alex and Sutskever, Ilya and Salakhutdinov, Ruslan R},
	eprint = {1207.0580},
	archivePrefix = {arXiv},
	primaryClass = {cs.NE},
	year={2012}
}

@inproceedings{ye2018rapidscorer,
	title={RapidScorer: Fast Tree Ensemble Evaluation by Maximizing Compactness in Data Level Parallelization},
	author={Ye, Ting and Zhou, Hucheng and Zou, Will Y and Gao, Bin and Zhang, Ruofei},
	booktitle={Proceedings of the 24th ACM SIGKDD International Conference on Knowledge Discovery and Data Mining},
	pages={941--950},
	year={2018},
}

@inproceedings{oosterhuis2017balancing,
	title={Balancing Speed and Quality in Online Learning to Rank for Information Retrieval},
	author={Oosterhuis, Harrie and de Rijke, Maarten},
	booktitle={Proceedings of the 2017 ACM on Conference on Information and Knowledge Management},
	pages={277--286},
	year={2017},
	organization={ACM}
}

@inproceedings{liu2017cascade,
	title={Cascade Ranking for Operational E-commerce Search},
	author={Liu, Shichen and Xiao, Fei and Ou, Wenwu and Si, Luo},
	booktitle={Proceedings of the 23rd ACM SIGKDD International Conference on Knowledge Discovery and Data Mining},
	pages={1557--1565},
	year={2017},
	organization={ACM}
}

@inproceedings{kusner2014feature,
	title={Feature-Cost Sensitive Learning with Submodular Trees of Classifiers},
	author={Kusner, Matt J and Chen, Wenlin and Zhou, Quan and Xu, Zhixiang Eddie and Weinberger, Kilian Q and Chen, Yixin},
	booktitle={AAAI},
	pages={1939--1945},
	year={2014}
}

@article{benbouzid2012fast,
	title={Fast classification using sparse decision DAGs},
	author={Benbouzid, Djalel and Busa-Fekete, R{\'o}bert and K{\'e}gl, Bal{\'a}zs},
	journal={arXiv preprint arXiv:1206.6387},
	year={2012}
}

@inproceedings{cohen2018universal,
	title={Universal Approximation Functions for Fast Learning to Rank: Replacing Expensive Regression Forests with Simple Feed-forward Networks},
	author={Cohen, Daniel and Foley, John and Zamani, Hamed and Allan, James and Croft, W Bruce},
	booktitle={The 41st International ACM SIGIR Conference on Research \& Development in Information Retrieval},
	pages={1017--1020},
	year={2018},
	organization={ACM}
}

@inproceedings{mackenzie2018query,
	title={Query Driven Algorithm Selection in Early Stage Retrieval},
	author={Mackenzie, Joel and Culpepper, J Shane and Blanco, Roi and Crane, Matt and Clarke, Charles LA and Lin, Jimmy},
	booktitle={Proceedings of the Eleventh ACM International Conference on Web Search and Data Mining},
	pages={396--404},
	year={2018},
	organization={ACM}
}

@inproceedings{kveton2015cascading,
	title={Cascading Bandits: Learning to Rank in the Cascade Model},
	author={Kveton, Branislav and Szepesvari, Csaba and Wen, Zheng and Ashkan, Azin},
	booktitle={International Conference on Machine Learning},
	pages={767--776},
	year={2015}
}

@inproceedings{culpepper2016dynamic,
	title={Dynamic Cutoff Prediction in Multi-stage Retrieval Systems},
	author={Culpepper, J Shane and Clarke, Charles LA and Lin, Jimmy},
	booktitle={Proceedings of the 21st Australasian Document Computing Symposium},
	pages={17--24},
	year={2016},
	organization={ACM}
}

@inproceedings{tang2018ranking,
	title={Ranking Distillation: Learning Compact Ranking Models With High Performance for Recommender System},
	author={Tang, Jiaxi and Wang, Ke},
	booktitle={Proceedings of the 24th ACM SIGKDD International Conference on Knowledge Discovery and Data Mining},
	pages={2289--2298},
	year={2018},
}

@inproceedings{ponte1998language,
	title={A Language Modeling Approach to Information Retrieval},
	author={Ponte, Jay M and Croft, W Bruce},
	booktitle={Proceedings of the 21st annual international ACM SIGIR conference on Research and development in information retrieval},
	pages={275--281},
	year={1998},
}

@inproceedings{robertson2004simple,
	title={Simple BM25 Extension to Multiple Weighted Fields},
	author={Robertson, Stephen and Zaragoza, Hugo and Taylor, Michael},
	booktitle={Proceedings of the 13th ACM International Conference on Information and Knowledge Management},
	pages={42--49},
	year={2004},
}

@article{jones2000probabilistic,
	title={A Probabilistic Model of Information Retrieval: Development and Comparative Experiments: Part 2},
	author={Jones, K Sparck and Walker, Steve and Robertson, Stephen E.},
	journal={Information processing \& management},
	volume={36},
	number={6},
	pages={809--840},
	year={2000},
	publisher={Elsevier}
}

@article{salton1988term,
	title={Term-weighting approaches in automatic text retrieval},
	author={Salton, Gerard and Buckley, Christopher},
	journal={Information Processing and Management},
	volume={24},
	number={5},
	pages={513--523},
	year={1988},
}

@article{sparck1972statistical,
	title={A Statistical Interpretation of Term Specificity and its Application in Retrieval},
	author={Sparck Jones, Karen},
	journal={Journal of documentation},
	volume={28},
	number={1},
	pages={11--21},
	year={1972},
	publisher={MCB UP Ltd}
}

@inproceedings{chapelle2011yahoo,
	title={Yahoo! Learning to Rank Challenge Overview},
	author={Chapelle, Olivier and Chang, Yi},
	booktitle={Proceedings of the Learning to Rank Challenge},
	pages={1--24},
	year={2011}
}

@inproceedings{lucchese2015speeding,
	title={Speeding up Document Ranking with Rank-based Features},
	author={Lucchese, Claudio and Nardini, Franco Maria and Orlando, Salvatore and Perego, Raffaele and Tonellotto, Nicola},
	booktitle={Proceedings of the 38th International ACM SIGIR Conference on Research and Development in Information Retrieval},
	pages={895--898},
	year={2015},
	organization={ACM}
}

@article{macdonald2013whens,
	title={The Whens and Hows of Learning to Rank for Web Search},
	author={Macdonald, Craig and Santos, Rodrygo LT and Ounis, Iadh},
	journal={Information Retrieval},
	volume={16},
	number={5},
	pages={584--628},
	year={2013},
	publisher={Springer}
}

@InProceedings{pmlr-v38-korlakaivinayak15,
	title = 	 {{DART: Dropouts meet Multiple Additive Regression Trees}},
	author = 	 {Rashmi Korlakai Vinayak and Ran Gilad-Bachrach},
	booktitle = 	 {Proceedings of the 18th International Conference on Artificial Intelligence and Statistics},
	pages = 	 {489--497},
	year = 	 {2015},
	editor = 	 {Guy Lebanon and S. V. N. Vishwanathan},
	volume = 	 {38},
	series = 	 {Proceedings of Machine Learning Research},
	address = 	 {San Diego, California, USA},
	month = 	 {5},
	publisher = 	 {PMLR},
}


@inproceedings{Lucchese:2017:XBD:3077136.3080725,
	author = {Lucchese, Claudio and Nardini, Franco Maria and Orlando, Salvatore and Perego, Raffaele and Trani, Salvatore},
	title = {X-DART: Blending Dropout and Pruning for Efficient Learning to Rank},
	booktitle = {Proceedings of the 40th International ACM SIGIR Conference on Research and Development in Information Retrieval},
	year = {2017},
	location = {Shinjuku, Tokyo, Japan},
	pages = {1077--1080},
	numpages = {4},
} 

@article{xu2014classifier,
	title={Classifier Cascades and Trees for Minimizing Feature Evaluation Cost},
	author={Xu, Zhixiang Eddie and Kusner, Matt J and Weinberger, Kilian Q and Chen, Minmin and Chapelle, Olivier},
	journal={Journal of Machine Learning Research},
	volume={15},
	number={1},
	pages={2113--2144},
	year={2014}
}

@inproceedings{ling2017model,
	title={Model Ensemble for Click Prediction in Bing Search Ads},
	author={Ling, Xiaoliang and Deng, Weiwei and Gu, Chen and Zhou, Hucheng and Li, Cui and Sun, Feng},
	booktitle={Proceedings of the 26th International Conference on World Wide Web Companion},
	pages={689--698},
	year={2017},
}

@inproceedings{he2014practical,
	title={Practical Lessons from Predicting Clicks on Ads at Facebook},
	author={He, Xinran and Pan, Junfeng and Jin, Ou and Xu, Tianbing and Liu, Bo and Xu, Tao and Shi, Yanxin and Atallah, Antoine and Herbrich, Ralf and Bowers, Stuart and others},
	booktitle={Proceedings of the 8th International Workshop on Data Mining for Online Advertising},
	pages={1--9},
	year={2014},
}

@inproceedings{sorokina2016amazon,
	title={Amazon Search: The Joy of Ranking Products},
	author={Sorokina, Daria and Cant{\'u}-Paz, Erick},
	booktitle={Proceedings of the 39th International ACM SIGIR Conference on Research and Development in Information Retrieval},
	pages={459--460},
	year={2016},
}

@article{hofmann2013balancing,
	title={Balancing Exploration and Exploitation in Listwise and Pairwise Online Learning to Rank for Information Retrieval},
	author={Hofmann, Katja and Whiteson, Shimon and de Rijke, Maarten},
	journal={Information Retrieval},
	volume={16},
	number={1},
	pages={63--90},
	year={2013},
	publisher={Springer}
}

@inproceedings{hofmann2013reusing,
	title={Reusing Historical Interaction Data for Faster Online Learning to Rank for IR},
	author={Hofmann, Katja and Schuth, Anne and Whiteson, Shimon and de Rijke, Maarten},
	booktitle={Proceedings of the 6th ACM International Conference on Web Search and Data Mining},
	pages={183--192},
	year={2013},
}

@article{yue2012k,
	title={The k-armed Dueling Bandits Problem},
	author={Yue, Yisong and Broder, Josef and Kleinberg, Robert and Joachims, Thorsten},
	journal={Journal of Computer and System Sciences},
	volume={78},
	number={5},
	pages={1538--1556},
	year={2012},
	publisher={Elsevier}
}

@inproceedings{yue2009interactively,
	title={Interactively Optimizing Information Retrieval Systems as a Dueling Bandits Problem},
	author={Yue, Yisong and Joachims, Thorsten},
	booktitle={Proceedings of the 26th Annual International Conference on Machine Learning},
	pages={1201--1208},
	year={2009},
}

@inproceedings{radlinski2008learning,
	title={Learning Diverse Rankings with Multi-armed Bandits},
	author={Radlinski, Filip and Kleinberg, Robert and Joachims, Thorsten},
	booktitle={Proceedings of the 25th International Conference on Machine Learning},
	pages={784--791},
	year={2008},
}

	@inproceedings{yin2016ranking,
	 	title={Ranking Relevance in Yahoo Search},
	 	author={Yin, Dawei and Hu, Yuening and Tang, Jiliang and Daly, Tim and Zhou, Mianwei and Ouyang, Hua and Chen, Jianhui and Kang, Changsung and Deng, Hongbo and Nobata, Chikashi and others},
	 	booktitle={Proceedings of the 22nd ACM SIGKDD International Conference on Knowledge Discovery and Data Mining},
	 	pages={323--332},
	 	year={2016},
	 	organization={ACM}
	 }

@inproceedings{szummer2011semi,
	title={Semi-supervised Learning to Rank with Preference Regularization},
	author={Szummer, Martin and Yilmaz, Emine},
	booktitle={Proceedings of the 20th ACM International Conference on Information and Knowledge Management},
	pages={269--278},
	year={2011},
}

@inproceedings{borisov2016neural,
	title={A Neural Click Model for Web Search},
	author={Borisov, Alexey and Markov, Ilya and de Rijke, Maarten and Serdyukov, Pavel},
	booktitle={Proceedings of the 25th International Conference on World Wide Web},
	pages={531--541},
	year={2016},
}


@inproceedings{DBLP:conf/sigir/DehghaniZSKC17,
	author    = {Mostafa Dehghani and
			  Hamed Zamani and
			  Aliaksei Severyn and
			  Jaap Kamps and
			  W. Bruce Croft},
	title     = {Neural Ranking Models with Weak Supervision},
	booktitle = {Proceedings of the 40th International {ACM} {SIGIR} Conference on
			  Research and Development in Information Retrieval},
	location = {Tokyo, Japan},
	pages     = {65--74},
        year = {2017},
}

@article{kenter2017neural,
	title={Neural Networks for Information Retrieval},
	author={Kenter, Tom and Borisov, Alexey and Van Gysel, Christophe and Dehghani, Mostafa and de Rijke, Maarten and Mitra, Bhaskar},
	journal={arXiv preprint arXiv:1707.04242},
	year={2017}
}

@inproceedings{mitra2017learning,
	title={Learning to Match using Local and Distributed Representations of Text for Web Search},
	author={Mitra, Bhaskar and Diaz, Fernando and Craswell, Nick},
	booktitle={Proceedings of the 26th International Conference on World Wide Web},
	pages={1291--1299},
	year={2017},
}

@article{mitra2016dual,
	title={A Dual Embedding Space Model for Document Ranking},
	author={Mitra, Bhaskar and Nalisnick, Eric and Craswell, Nick and Caruana, Rich},
	archivePrefix = {arXiv},
	eprint = {1602.01137},
	primaryClass = {cs.IR},
	year={2016}
}

@inproceedings{huang2013learning,
	title={Learning Deep Structured Semantic Models for Web Search using Clickthrough Data},
	author={Huang, Po-Sen and He, Xiaodong and Gao, Jianfeng and Deng, Li and Acero, Alex and Heck, Larry},
	booktitle={Proceedings of the 22nd ACM International Conference on Information \& Knowledge Management},
	pages={2333--2338},
	year={2013},
	organization={ACM}
}

@inproceedings{xgboost,
	author = {Chen, Tianqi and Guestrin, Carlos},
	title = {XGBoost: A Scalable Tree Boosting System},
	booktitle = {Proceedings of the 22nd ACM SIGKDD International Conference on Knowledge Discovery and Data Mining},
	year = {2016},
	location = {San Francisco, California, USA},
	pages = {785--794},
	numpages = {10},
}

@inproceedings{xu2008directly,
	title={Directly optimizing evaluation measures in learning to rank},
	author={Xu, Jun and Liu, Tie-Yan and Lu, Min and Li, Hang and Ma, Wei-Ying},
	booktitle={Proceedings of the 31st annual international ACM SIGIR conference on Research and development in information retrieval},
	pages={107--114},
	year={2008},
	organization={ACM}
}

@inproceedings{gao2014democracy,
	title={Democracy is good for ranking: Towards multi-view rank learning and adaptation in web search},
	author={Gao, Wei and Yang, Pei},
	booktitle={Proceedings of the 7th ACM international conference on Web search and data mining},
	pages={63--72},
	year={2014},
	organization={ACM}
}

@inproceedings{ganjisaffar2011bagging,
	title={Bagging Gradient-boosted Trees for High Precision, Low Variance Ranking Models},
	author={Ganjisaffar, Yasser and Caruana, Rich and Lopes, Cristina Videira},
	booktitle={Proceedings of the 34th international ACM SIGIR conference on Research and development in Information Retrieval},
	pages={85--94},
	year={2011},
}

@article{tax2015cross,
	title={A Cross-benchmark Comparison of 87 Learning to Rank Methods},
	author={Tax, Niek and Bockting, Sander and Hiemstra, Djoerd},
	journal={Information Processing \& Management},
	volume={51},
	number={6},
	pages={757--772},
	year={2015},
	publisher={Elsevier}
}

@inproceedings{yeh2007learning,
	title={Learning to rank for information retrieval using genetic programming},
	author={Yeh, Jen-Yuan and Lin, Jung-Yi and Ke, Hao-Ren and Yang, Wei-Pang},
	booktitle={Proceedings of SIGIR 2007 Workshop on Learning to Rank for Information Retrieval (LR4IR 2007)},
	year={2007}
}

@inproceedings{yue2007support,
	title={A support vector method for optimizing average precision},
	author={Yue, Yisong and Finley, Thomas and Radlinski, Filip and Joachims, Thorsten},
	booktitle={Proceedings of the 30th annual international ACM SIGIR conference on Research and development in information retrieval},
	pages={271--278},
	year={2007},
	organization={ACM}
}

@article{qin2010general,
	title={A General Approximation Framework for Direct Optimization of Information Retrieval Measures},
	author={Qin, Tao and Liu, Tie-Yan and Li, Hang},
	journal={Information Retrieval},
	volume={13},
	number={4},
	pages={375--397},
	year={2010},
}

@inproceedings{bruch2019approxndcg,
	author = {Bruch, Sebastian and Zoghi, Masrour and Bendersky, Michael and Najork, Marc},
	title = {Revisiting Approximate Metric Optimization in the Age of Deep Neural Networks},
	year = {2019},
	booktitle = {Proceedings of the 42nd International ACM SIGIR Conference on Research and Development in Information Retrieval},
	pages = {1241–1244},
	numpages = {4},
	location = {Paris, France},
}

@inproceedings{bruch2019xendcg,
	author = {Bruch, Sebastian and Wang, Xuanhui and Bendersky, Michael and Najork, Marc},
	title = {An Analysis of the Softmax Cross Entropy Loss for Learning-to-Rank with Binary Relevance},
	year = {2019},
	booktitle = {Proceedings of the 2019 ACM SIGIR International Conference on Theory of Information Retrieval},
	pages = {75–78},
	numpages = {4},
	location = {Santa Clara, CA, USA},
}


@inproceedings{bruch2021xendcg,
	author = {Bruch, Sebastian},
	title = {An Alternative Cross Entropy Loss for Learning-to-Rank},
	year = {2021},
	booktitle = {Proceedings of the Web Conference 2021},
	pages = {118–126},
	numpages = {9},
	location = {Ljubljana, Slovenia},
}

@inproceedings{taylor2008softrank,
	author = {Taylor, Michael and Guiver, John and Robertson, Stephen and Minka, Tom},
	title = {SoftRank: Optimizing Non-Smooth Rank Metrics},
	year = {2008},
	booktitle = {Proceedings of the 2008 International Conference on Web Search and Data Mining},
	pages = {77–86},
	numpages = {10},
	location = {Palo Alto, California, USA},
}

@inproceedings{xia2008listmle,
	author = {Xia, Fen and Liu, Tie-Yan and Wang, Jue and Zhang, Wensheng and Li, Hang},
	title = {Listwise Approach to Learning to Rank: Theory and Algorithm},
	year = {2008},
	pages = {1192–1199},
	numpages = {8},
	location = {Helsinki, Finland},
	booktitle = {Proceedings of the 25th International Conference on Machine Learning},
}

@inproceedings{cao2007learning,
	title={Learning to Rank: from Pairwise Approach to Listwise Approach},
	author={Cao, Zhe and Qin, Tao and Liu, Tie-Yan and Tsai, Ming-Feng and Li, Hang},
	booktitle={Proceedings of the 24th International Conference on Machine learning},
	pages={129--136},
	year={2007},
	organization={ACM}
}

@article{freund2003efficient,
	title={An Efficient Boosting Algorithm for Combining Preferences},
	author={Freund, Yoav and Iyer, Raj and Schapire, Robert E and Singer, Yoram},
	journal={Journal of Machine Learning Research},
	volume={4},
	number={Nov},
	pages={933--969},
	year={2003}
}

@article{chapelle2012large,
	title={Large-scale Validation and Analysis of Interleaved Search Evaluation},
	author={Chapelle, Olivier and Joachims, Thorsten and Radlinski, Filip and Yue, Yisong},
	journal={ACM Transactions on Information Systems},
	volume={30},
	number={1},
	pages={6},
	year={2012},
	publisher={ACM}
}

@article{moffat2008rank,
	title={Rank-biased Precision for Measurement of Retrieval Effectiveness},
	author={Moffat, Alistair and Zobel, Justin},
	journal={ACM Transactions on Information Systems},
	volume={27},
	number={1},
	pages={2},
	year={2008},
}
@inproceedings{chapelle2009expected,
	title={Expected Reciprocal Rank for Graded Relevance},
	author={Chapelle, Olivier and Metlzer, Donald and Zhang, Ya and Grinspan, Pierre},
	booktitle={Proceedings of the 18th ACM conference on Information and knowledge management},
	pages={621--630},
	year={2009},
}

@inproceedings{jarvelin2000ir,
	title={IR Evaluation Methods for Retrieving Highly Relevant Documents},
	author={J{\"a}rvelin, Kalervo and Kek{\"a}l{\"a}inen, Jaana},
	booktitle={Proceedings of the 23rd International ACM SIGIR Conference on Research and Development in Information Retrieval},
	pages={41--48},
	year={2000},
}

@inproceedings{yilmaz2009deep,
	title={Deep versus Shallow Judgments in Learning to Rank},
	author={Yilmaz, Emine and Robertson, Stephen},
	booktitle={Proceedings of the 32nd international ACM SIGIR Conference on Research and Development in Information Retrieval},
	pages={662--663},
	year={2009},
}

@inproceedings{long2010active,
	title={Active Learning for Ranking through Expected Loss Optimization},
	author={Long, Bo and Chapelle, Olivier and Zhang, Ya and Chang, Yi and Zheng, Zhaohui and Tseng, Belle},
	booktitle={Proceedings of the 33rd International ACM SIGIR Conference on Research and Development in Information Retrieval},
	pages={267--274},
	year={2010},
}

@inproceedings{radlinski2005query,
	title={Query Chains: Learning to Rank from Implicit Feedback},
	author={Radlinski, Filip and Joachims, Thorsten},
	booktitle={Proceedings of the 11th ACM SIGKDD International Conference on Knowledge Discovery in Data Mining},
	pages={239--248},
	year={2005},
	organization={ACM}
}

@inproceedings{joachims2002optimizing,
	title={Optimizing Search Engines using Clickthrough Data},
	author={Joachims, Thorsten},
	booktitle={Proceedings of the 8th ACM SIGKDD International Conference on Knowledge Discovery and Data Mining},
	pages={133--142},
	year={2002},
}

@inproceedings{joachims2005accurately,
	title={Accurately Interpreting Clickthrough Data as Implicit Feedback},
	author={Joachims, Thorsten and Granka, Laura and Pan, Bing and Hembrooke, Helene and Gay, Geri},
	booktitle={Proceedings of the 28th International ACM SIGIR Conference on Research and Development in Information Retrieval},
	pages={154--161},
	year={2005},
}

@article{carterette2008here,
	title={Here or there},
	author={Carterette, Ben and Bennett, Paul and Chickering, David and Dumais, Susan},
	journal={Advances in Information Retrieval},
	pages={16--27},
	year={2008},
	publisher={Springer}
}

@article{rasolofo2003term,
	title={Term Proximity Scoring for Keyword-based Retrieval Systems},
	author={Rasolofo, Yves and Savoy, Jacques},
	journal={Advances in Information Retrieval},
	pages={79--79},
	year={2003},
	publisher={Springer}
}

@inproceedings{shen2014learning,
	title={Learning Semantic Representations using Convolutional Neural Networks for Web Search},
	author={Shen, Yelong and He, Xiaodong and Gao, Jianfeng and Deng, Li and Mesnil, Gr{\'e}goire},
	booktitle={Proceedings of the 23rd International Conference on World Wide Web},
	pages={373--374},
	year={2014},
	organization={ACM}
}

@article{henzinger2000link,
	title={Link Analysis in Web Information Retrieval},
	author={Henzinger, Monika Rauch and others},
	journal={IEEE Data Engineering Bulletin},
	volume={23},
	number={3},
	pages={3--8},
	year={2000}
}
@inproceedings{dong2010time,
	title={Time is of the essence: improving recency ranking using twitter data},
	author={Dong, Anlei and Zhang, Ruiqiang and Kolari, Pranam and Bai, Jing and Diaz, Fernando and Chang, Yi and Zheng, Zhaohui and Zha, Hongyuan},
	booktitle={Proceedings of the 19th international conference on World wide web},
	pages={331--340},
	year={2010},
	organization={ACM}
}

@inproceedings{mikolov2013distributed,
	title={Distributed representations of words and phrases and their compositionality},
	author={Mikolov, Tomas and Sutskever, Ilya and Chen, Kai and Corrado, Greg S and Dean, Jeff},
	booktitle={Advances in neural information processing systems},
	pages={3111--3119},
	year={2013}
}

@inproceedings{milne2008learning,
	title={Learning to link with wikipedia},
	author={Milne, David and Witten, Ian H},
	booktitle={Proceedings of the 17th ACM conference on Information and knowledge management},
	pages={509--518},
	year={2008},
	organization={ACM}
}

@inproceedings{blanco2015fast,
	title={Fast and space-efficient entity linking for queries},
	author={Blanco, Roi and Ottaviano, Giuseppe and Meij, Edgar},
	booktitle={Proceedings of the 8th ACM International Conference on Web Search and Data Mining},
	pages={179--188},
	year={2015},
	organization={ACM}
}
@article{lucchese2013discovering,
	title={Discovering Tasks from Search Engine Query Logs},
	author={Lucchese, Claudio and Orlando, Salvatore and Perego, Raffaele and Silvestri, Fabrizio and Tolomei, Gabriele},
	journal={ACM Transactions on Information Systems},
	volume={31},
	number={3},
	pages={14},
	year={2013},
	publisher={ACM}
}

@inproceedings{bennett2010classification,
	title={Classification-enhanced Ranking},
	author={Bennett, Paul N and Svore, Krysta and Dumais, Susan T},
	booktitle={Proceedings of the 19th International Conference on World Wide Web},
	pages={111--120},
	year={2010},
}

@article{jiang2016query,
	title={Query Intent Mining with Multiple Dimensions of Web Search Data},
	author={Jiang, Di and Leung, Kenneth Wai-Ting and Ng, Wilfred},
	journal={Proceedings of the 25th International Conference on World Wide Web},
	volume={19},
	number={3},
	pages={475--497},
	year={2016},
}

@article{metzler2007linear,
	title={Linear Feature-based Models for Information Retrieval},
	author={Metzler, Donald and Croft, W Bruce},
	journal={Information Retrieval},
	volume={10},
	number={3},
	pages={257--274},
	year={2007},
	publisher={Springer}
}
@article{agarwal2010learning,
	title={Learning to rank on graphs},
	author={Agarwal, Shivani},
	journal={Machine learning},
	volume={81},
	number={3},
	pages={333--357},
	year={2010},
	publisher={Springer}
}
@inproceedings{arguello2011learning,
	title={Learning to aggregate vertical results into web search results},
	author={Arguello, Jaime and Diaz, Fernando and Callan, Jamie},
	booktitle={Proceedings of the 20th ACM international conference on Information and knowledge management},
	pages={201--210},
	year={2011},
	organization={ACM}
}

@inproceedings{mcfee2012million,
	title={The million song dataset challenge},
	author={McFee, Brian and Bertin-Mahieux, Thierry and Ellis, Daniel PW and Lanckriet, Gert RG},
	booktitle={Proceedings of the 21st International Conference on World Wide Web},
	pages={909--916},
	year={2012},
	organization={ACM}
}

@article{weston2011large,
	title={Large-scale music annotation and retrieval: Learning to rank in joint semantic spaces},
	author={Weston, Jason and Bengio, Samy and Hamel, Philippe},
	journal={arXiv preprint arXiv:1105.5196},
	year={2011}
}

@inproceedings{chapelle2011future,
	title={Future directions in learning to rank},
	author={Chapelle, Olivier and Chang, Yi and Liu, T-Y},
	booktitle={Proceedings of the Learning to Rank Challenge},
	pages={91--100},
	year={2011}
}
@inproceedings{burges2005learning,
	title={Learning to Rank using Gradient Descent},
	author={Burges, Chris and Shaked, Tal and Renshaw, Erin and Lazier, Ari and Deeds, Matt and Hamilton, Nicole and Hullender, Greg},
	booktitle={Proceedings of the 22nd international conference on Machine learning},
	pages={89--96},
	year={2005},
	organization={ACM}
}

@article{weston2010large,
	title={Large scale image annotation: learning to rank with joint word-image embeddings},
	author={Weston, Jason and Bengio, Samy and Usunier, Nicolas},
	journal={Machine learning},
	volume={81},
	number={1},
	pages={21--35},
	year={2010},
	publisher={Springer}
}

@article{santos2013learning,
	title={Learning to rank query suggestions for adhoc and diversity search},
	author={Santos, Rodrygo LT and Macdonald, Craig and Ounis, Iadh},
	journal={Information Retrieval},
	volume={16},
	number={4},
	pages={429--451},
	year={2013},
	publisher={Springer}
}

@inproceedings{joachims2017unbiased,
	title={Unbiased Learning-to-rank with Biased Feedback},
	author={Joachims, Thorsten and Swaminathan, Adith and Schnabel, Tobias},
	booktitle={Proceedings of the 10th ACM International Conference on Web Search and Data Mining},
	pages={781--789},
	year={2017},
}

@inproceedings{karatzoglou2013learning,
	title={Learning to rank for recommender systems},
	author={Karatzoglou, Alexandros and Baltrunas, Linas and Shi, Yue},
	booktitle={Proceedings of the 7th ACM conference on Recommender systems},
	pages={493--494},
	year={2013},
	organization={ACM}
}

@article{liu2015application,
	title={Application of learning to rank to protein remote homology detection},
	author={Liu, Bin and Chen, Junjie and Wang, Xiaolong},
	journal={Bioinformatics},
	volume={31},
	number={21},
	pages={3492--3498},
	year={2015},
	publisher={Oxford University Press}
}

@article{leaman2013dnorm,
	title={DNorm: disease name normalization with pairwise learning to rank},
	author={Leaman, Robert and Islamaj Do{\u{g}}an, Rezarta and Lu, Zhiyong},
	journal={Bioinformatics},
	volume={29},
	number={22},
	pages={2909--2917},
	year={2013},
	publisher={Oxford University Press}
}

@inproceedings{SIGIR2015ltr-shorttext,
	title={Learning to Rank Short Text Pairs with Convolutional Deep Neural Networks},
	author={Severyn, Aliaksei and Moschitti, Alessandro},
	booktitle={Proceedings of the 38th International ACM SIGIR Conference on Research and Development in Information Retrieval},
	pages={373--382},
	year={2015},
	organization={ACM}
}
@inproceedings{cvpr2015ltr-reidentification,
	title={Learning to rank in person re-identification with metric ensembles},
	author={Paisitkriangkrai, Sakrapee and Shen, Chunhua and van den Hengel, Anton},
	booktitle={Proceedings of the IEEE Conference on Computer Vision and Pattern Recognition},
	pages={1846--1855},
	year={2015}
}

@inproceedings{Geng:2007:FSR:1277741.1277811,
	author = {Geng, Xiubo and Liu, Tie-Yan and Qin, Tao and Li, Hang},
	title = {Feature Selection for Ranking},
	booktitle = {Proceedings of the 30th Annual International ACM SIGIR Conference on Research and Development in Information Retrieval},
	year = {2007},
	location = {Amsterdam, The Netherlands},
	pages = {407--414},
	numpages = {8},
}

@inproceedings{Mladenic:1999:FSU:645528.657649,
	author = {Mladenic, Dunja and Grobelnik, Marko},
	title = {Feature Selection for Unbalanced Class Distribution and Naive Bayes},
	booktitle = {Proceedings of the Sixteenth International Conference on Machine Learning},
	year = {1999},
	pages = {258--267},
	numpages = {10},
}

@inproceedings{yang1997comparative,
	title={A comparative study on feature selection in text categorization},
	author={Yang, Yiming and Pedersen, Jan O},
	booktitle={Icml},
	volume={97},
	pages={412--420},
	year={1997}
}

@article{kohavi1997wrappers,
	title={Wrappers for feature subset selection},
	author={Kohavi, Ron and John, George H},
	journal={Artificial intelligence},
	volume={97},
	number={1-2},
	pages={273--324},
	year={1997},
	publisher={Elsevier}
}

@article{loh2011classification,
	title={Classification and regression trees},
	author={Loh, Wei-Yin},
	journal={Wiley Interdisciplinary Reviews: Data Mining and Knowledge Discovery},
	volume={1},
	number={1},
	pages={14--23},
	year={2011},
	publisher={Wiley Online Library}
}

@inproceedings{naini2014exploiting,
	title={Exploiting result diversification methods for feature selection in learning to rank},
	author={Naini, Kaweh Djafari and Altingovde, Ismail Sengor},
	booktitle={Proc. ECIR},
	pages={455--461},
	year={2014},
	organization={Springer}
}

@inproceedings{dang2010feature,
	title={Feature selection for document ranking using best first search and coordinate ascent},
	author={Dang, V and Croft, B},
	booktitle={{ACM SIGIR} workshop on feature generation and selection for information retrieval},
	year={2010}
}

@article{hua10,
	title={Hierarchical Feature Selection for Ranking},
	author={Hua, G. and Zhang, M. and Liu, Y. and Ma, S.a and  Ru, L.},
	booktitle={Proc WWW'10},
	year={2010},
	address = {Berlin, Heidelberg}
}

@article{lai13,
	title={FSMRank: Feature Selection Algorithm for Learning to Rank},
	author={Lai, H.J. and Pan, Y. and Tang, Y. and Yu, R.},
	journal={Transactions on Neural Networks and Learning Systems},
	volume={24},
	number={6},
	year={2013},
	publisher={IEEE}
}

@article{laporte12,
	title={Non-convex Regularizations for Feature Selection in Ranking With Sparse SVM},
	author={Laporte, L. and Flamary, R. and Canu, S. and D\'ejean, S. and Mothe, J.},
	journal={Transactions on Neural Networks and Learning Systems},
	volume={10},
	number={10},
	year={2012},
	publisher={IEEE}
}

@article{gower1969minimum,
	title={Minimum spanning trees and single linkage cluster analysis},
	author={Gower, John C and Ross, GJS},
	journal={Applied statistics},
	pages={54--64},
	year={1969},
	publisher={JSTOR}
}

@article{ward1963hierarchical,
	title={Hierarchical grouping to optimize an objective function},
	author={Ward Jr, Joe H},
	journal={Journal of the American statistical association},
	volume={58},
	number={301},
	pages={236--244},
	year={1963},
	publisher={Taylor \& Francis}
}

@article{kendall1948rank,
	title={Rank correlation methods.},
	author={Kendall, Maurice George},
	year={1948},
	publisher={Griffin}
}

@inproceedings{smucker2007comparison,
	author = {Smucker, Mark D. and Allan, James and Carterette, Ben},
	title = {A Comparison of Statistical Significance Tests for Information Retrieval Evaluation},
	booktitle = {Proc. CIKM '07},
	year = {2007},
	publisher = {ACM},
} 

@book{agresti2007,
	title={Analysis of Ordinal Categorical Data (Second ed.)},
	author={Agresti, A.},
	year={2010},
	organization={New York: John Wiley and Sons.}
}

@book{infotheory,
	title={Elements of Information Theory},
	author={Thomas M. Cover, Joy A. Thomas},
	year={2006},
	organization={John Wiley and Sons}
}

@inproceedings{pan2009feature,
	title={Feature selection for ranking using boosted trees},
	author={Pan, Feng and Converse, Tim and Ahn, David and Salvetti, Franco and Donato, Gianluca},
	booktitle={Proc. CIKM'09},
	year={2009},
	organization={ACM}
}

@inproceedings{yu2005svm,
	title={SVM selective sampling for ranking with application to data retrieval},
	author={Yu, Hwanjo},
	booktitle={Proceedings of the eleventh ACM SIGKDD international conference on Knowledge discovery in data mining},
	pages={354--363},
	year={2005},
	organization={ACM}
}

@article{guyon2003introduction,
	title={An introduction to variable and feature selection},
	author={Guyon, Isabelle and Elisseeff, Andr{\'e}},
	journal={The Journal of Machine Learning Research},
	volume={3},
	pages={1157--1182},
	year={2003},
	publisher={JMLR. org}
}

@article{hall2003benchmarking,
	title={Benchmarking attribute selection techniques for discrete class data mining},
	author={Hall, Mark A and Holmes, Geoffrey},
	journal={Knowledge and Data Engineering, IEEE Transactions on},
	volume={15},
	number={6},
	pages={1437--1447},
	year={2003},
	publisher={IEEE}
}

@article{forman2003extensive,
	title={An extensive empirical study of feature selection metrics for text classification},
	author={Forman, George},
	journal={The Journal of machine learning research},
	volume={3},
	pages={1289--1305},
	year={2003},
	publisher={JMLR. org}
}

@article{Jarvelin2002,
	author = {J\"{a}rvelin, Kalervo and Kek\"{a}l\"{a}inen, Jaana},
	title = {Cumulated Gain-based Evaluation of IR Techniques},
	journal = {ACM TOIS},
	issue_date = {October 2002},
	volume = {20},
	number = {4},
	year = {2002},
	pages = {422--446},
	numpages = {25},
}

@inproceedings{Baccianella09,
	author = {Baccianella, Stefano and Esuli, Andrea and Sebastiani, Fabrizio},
	title = {Multi-facet Rating of Product Reviews},
	booktitle = {Proceedings of the 31th European Conference on IR Research on Advances in Information Retrieval},
	year = {2009},
	location = {Toulouse, France},
	pages = {461--472},
	numpages = {12},
} 

@article{Baccianella10,
	title={Feature selection for ordinal text classification},
	author={Baccianella, Stefano and Esuli, Andrea and Sebastiani, Fabrizio},
	journal={Neural computation},
	volume={26},
	number={3},
	pages={557--591},
	year={2014},
	publisher={MIT Press}
}

@inproceedings{Burges05,
	title={Learning to rank using gradient descent},
	author={Burges, Chris and Shaked, Tal and Renshaw, Erin and Lazier, Ari and Deeds, Matt and Hamilton, Nicole and Hullender, Greg},
	booktitle={Proceedings of the 22nd international conference on Machine learning},
	pages={89--96},
	year={2005},
	organization={ACM}
}

@article{Friedman01,
	title={Greedy Function Approximation: a Gradient Boosting Machine},
	author={Friedman, Jerome H},
	journal={Annals of Statistics},
	pages={1189--1232},
	year={2001},
	publisher={JSTOR}
}

@article{Friedman99,
	title={Stochastic gradient boosting},
	author={Friedman, Jerome H},
	journal={Computational Statistics \& Data Analysis},
	volume={38},
	number={4},
	pages={367--378},
	year={2002},
	publisher={Elsevier}
}

@inproceedings{Geng07,
	title={Feature selection for ranking},
	author={Geng, Xiubo and Liu, Tie-Yan and Qin, Tao and Li, Hang},
	booktitle={Proc. SIGIR'07},
	year={2007},
	organization={ACM}
}

@article{Liu08,
	title={Learning to Rank for Information Retrieval},
	author={Liu, Tie-Yan},
	journal={Foundations and Trends in Information Retrieval},
	volume={3},
	number={3},
	pages={225--331},
	year={2009},
	publisher={Now Publishers Inc.}
}

@article{Li11,
	title={A short introduction to learning to rank},
	author={Hang, LI},
	journal={IEICE TRANSACTIONS on Information and Systems},
	volume={94},
	number={10},
	pages={1854--1862},
	year={2011},
	publisher={The Institute of Electronics, Information and Communication Engineers}
}

@article{Li11bis,
	title={Learning to rank for information retrieval and natural language processing},
	author={Li, Hang},
	journal={Synthesis Lectures on Human Language Technologies},
	volume={7},
	number={3},
	pages={1--121},
	year={2014},
	publisher={Morgan \& Claypool Publishers}
}

@article{Peng05,
	title={Feature selection based on mutual information criteria of max-dependency, max-relevance, and min-redundancy},
	author={Peng, Hanchuan and Long, Fuhui and Ding, Chris},
	journal={IEEE Transactions on Pattern Analysis and Machine Intelligence},
	volume={27},
	number={8},
	pages={1226--1238},
	year={2005},
	publisher={IEEE}
}

@techreport{Wu08,
	title={Ranking, boosting, and model adaptation},
	author={Wu, Qiang and Burges, Chris JC and Svore, Krysta M and Gao, Jianfeng},
	year={2008},
	institution={Microsoft Research}
}


@inproceedings{Roi_SIGIR17,
	author = {Chen, Ruey-Cheng and Gallagher, Luke and Blanco, Roi and Culpepper, J. Shane},
	title = {Efficient Cost-Aware Cascade Ranking in Multi-Stage Retrieval},
	booktitle = {Proceedings of the 40th International ACM SIGIR Conference on Research and Development in Information Retrieval},
	year = {2017},
	location = {Shinjuku, Tokyo, Japan},
	pages = {445--454},
	numpages = {10},
} 

@misc{openmp, title = {{OpenMP Application Programming Interface}},
	note={\url{http://www.nvidia.com}} 
}

@misc{GPUyandex,
	author = {Shchekalev, Alexander},
	title = {Using {GPUs} to Accelerate Learning to Rank},
	note={\url{http://on-demand.gputechconf.com/gtc/2014/presentations/S4739-gpus-accelerate-learning-rank-yandex.pdf}}
} 


@misc{Cuda, title = {{CUDA C Programmin Guide (ver. 8.0)}},
	note={\url{http://openmp.org}},
	year = 2017 }

@article{DBLP:journals/tpds/LettichLNOPTV19,
	author    = {Francesco Lettich and
			  Claudio Lucchese and
			  Franco Maria Nardini and
			  Salvatore Orlando and
			  Raffaele Perego and
			  Nicola Tonellotto and
			  Rossano Venturini},
	title     = {Parallel Traversal of Large Ensembles of Decision Trees},
	journal   = {{IEEE} Transactions on Parallel and Distributed Systems},
	volume    = {30},
	number    = {9},
	pages     = {2075--2089},
	year      = {2019},
}

@inproceedings{Lucchese:2016:ECS:2911451.2914758,
	author = {Lucchese, Claudio and Nardini, Franco Maria and Orlando, Salvatore and Perego, Raffaele and Tonellotto, Nicola and Venturini, Rossano},
	title = {Exploiting CPU SIMD Extensions to Speed-up Document Scoring with Tree Ensembles},
	booktitle = {Proceedings of the 39th International ACM SIGIR Conference on Research and Development in Information Retrieval},
	year = {2016},
	location = {Pisa, Italy},
	pages = {833--836},
	numpages = {4},
}

@inproceedings{Sorokina:2016:ASJ:2911451.2926725,
	author = {Sorokina, Daria and Cantu-Paz, Erick},
	title = {Amazon Search: The Joy of Ranking Products},
	booktitle = {Proceedings of the 39th Annual ACM SIGIR Conference},
	year = {2016},
	location = {Pisa, Italy},
	pages = {459--460},
	numpages = {2},
}

@inproceedings{relyahoo,
	author = {Dawei Yin and Yuening Hu and  Jiliang Tang and  Tim Daly Jr. and  Mianwei Zhou and  Hua Ouyang and  Jianhui Chen and  Changsung Kang and  Hongbo Deng and  Chikashi Nobata and  Jean-Marc Langlois and  Yi Chang},
	title = {Ranking Relevance in Yahoo Search},
	booktitle = {Proceedings of the 22nd ACM SIGKDD Conference on Knowledge Discovery and Data Mining},
	year = {2016},
}

@inproceedings{Lucchese:2016:POT:2911451.2914763,
	author = {Lucchese, Claudio and Nardini, Franco Maria and Orlando, Salvatore and Perego, Raffaele and Silvestri, Fabrizio and Trani, Salvatore},
	title = {Post-Learning Optimization of Tree Ensembles for Efficient Ranking},
	booktitle = {Proceedings of the 39th International ACM SIGIR Conference on Research and Development in Information Retrieval},
	year = {2016},
	location = {Pisa, Italy},
	pages = {949--952},
	numpages = {4},
}

@book{2009Jacob,
	author = {Jacob, Bruce L.},
	booktitle = {The Memory System: You Can't Avoid It, You Can't Ignore It, You Can't Fake It},
	date = {2009-11-07},
	description = {dblp},
	publisher = {Morgan \& Claypool Publishers},
	series = {Synthesis Lectures on Computer Architecture},
	title = {The Memory System: You Can't Avoid It, You Can't Ignore It, You Can't Fake It},
	year = 2009
}

@book{Hennessy:2011:CAF:1999263,
	author = {Hennessy, John L. and Patterson, David A.},
	title = {Computer Architecture, Fifth Edition: A Quantitative Approach},
	year = {2011},
	edition = {5th},
	publisher = {Morgan Kaufmann Publishers Inc.},
	address = {San Francisco, CA, USA},
}

@book{gems,
	author = {Hwu, Wen-mei W.},
	title = {GPU Computing Gems Jade Edition},
	year = {2011},
	isbn = {9780123859631, 9780123859648},
	edition = {1st},
	publisher = {Morgan Kaufmann Publishers Inc.},
	address = {San Francisco, CA, USA},
}

@inproceedings{simdDB,
	author = {Polychroniou, Orestis and Raghavan, Arun and Ross, Kenneth A.},
	title = {Rethinking SIMD Vectorization for In-Memory Databases},
	booktitle = {Proceedings of the 2015 ACM SIGMOD International Conference on Management of Data},
	year = {2015},
	location = {Melbourne, Victoria, Australia},
	pages = {1493--1508},
	numpages = {16},
}

@article{Dato:2016:FRA:3001595.2987380,
	author = {Dato, Domenico and Lucchese, Claudio and Nardini, Franco Maria and Orlando, Salvatore and Perego, Raffaele and Tonellotto, Nicola and Venturini, Rossano},
	title = {Fast Ranking with Additive Ensembles of Oblivious and Non-Oblivious Regression Trees},
	journal = {ACM Transactions on Information Systems},
	issue_date = {December 2016},
	volume = {35},
	number = {2},
	month = dec,
	year = {2016},
	pages = {15:1--15:31},
	articleno = {15},
	numpages = {31},
}

@article{qspatent,
	author = {Domenico Dato and
		   Claudio Lucchese and
		   Franco Maria Nardini and
		   Salvatore Orlando and
		   Raffaele Perego and
		   Nicola Tonellotto and
		   Rossano Venturini},
	title = {A method to rank documents by a computer, using additive ensembles of regression trees and cache optimization, and search engine using such a method},
	journal = {Tiscali S.p.A.},
	volume = {PCT29914},
	year = {2015},
	number = {pending}
}

@article{capannini2016quality,
	author = {Capannini, Gabriele and Lucchese, Claudio and Nardini, Franco Maria and Orlando, Salvatore and Perego, Raffaele and Tonellotto, Nicola},
	title = {Quality Versus Efficiency in Document Scoring with Learning-to-rank Models},
	journal = {Information Processing \& Management},
	issue_date = {November 2016},
	volume = {52},
	number = {6},
	month = nov,
	year = {2016},
	pages = {1161--1177},
	numpages = {17},
} 

@article{Dato2016,
	author = {Dato, Domenico and Lucchese, Claudio and Nardini, Franco Maria and Orlando, Salvatore and Perego, Raffaele and Tonellotto, Nicola and Venturini, Rossano},
	title = {Fast Ranking with Additive Ensembles of Oblivious and Non-Oblivious Regression Trees},
	journal = {ACM Trans. Inf. Syst.},
	issue_date = {December 2016},
	volume = {35},
	number = {2},
	month = dec,
	year = {2016},
	pages = {15:1--15:31},
	articleno = {15},
	numpages = {31},
}

@inproceedings{quickrank-old,
	author    = {Gabriele Capannini and
			  Domenico Dato and
			  Claudio Lucchese and
			  Monica Mori and
			  Franco Maria Nardini and
			  Salvatore Orlando and
			  Raffaele Perego and
			  Nicola Tonellotto},
	title     = {QuickRank: a {C++} Suite of Learning to Rank Algorithms},
	booktitle = {Proceedings of the 6th Italian Information Retrieval Workshop ({IIR})},
	year      = {2015},
}

@inproceedings{quickscorer,
	author = {Lucchese, Claudio and Nardini, Franco Maria and Orlando, Salvatore and Perego, Raffaele and Tonellotto, Nicola and Venturini, Rossano},
	title = {QuickScorer: A Fast Algorithm to Rank Documents with Additive Ensembles of Regression Trees},
	booktitle = {Proceedings of the 38th International ACM SIGIR Conference on Research and Development in Information Retrieval},
	year = {2015},
	pages = {73--82},
	numpages = {10},
}

@inproceedings{tonellotto:2013,
	author = {Tonellotto, Nicola and Macdonald, Craig and Ounis, Iadh},
	title = {Efficient and Effective Retrieval Using Selective Pruning},
	booktitle = {Proceedings of the 6th ACM International Conference on Web Search and Data Mining},
	year = {2013},
	location = {Rome, Italy},
	pages = {63--72},
	numpages = {10},
}

@book{patterson,
	title={Computer Organization and Design (4th ed.)},
	author={Patterson, David and Hennessy, John},
	year={2009},
	publisher={Morgan Kaufmann}
}

@article{Viola:2004:RRF:966432.966458,
	author = {Viola, Paul and Jones, Michael J.},
	title = {Robust Real-Time Face Detection},
	journal = {International Journal of Computer Vision},
	volume = {57},
	number = {2},
	year = {2004},
	pages = {137--154},
	address = {Hingham, MA, USA},
	keywords = {boosting, face detection, human sensing},
}

@InProceedings{ICML2012Xu_592,
	author =    {Zhixiang Xu and Kilian Weinberger and Olivier Chapelle},
	title =     {The Greedy Miser: Learning under Test-time Budgets},
	booktitle = {Proceedings of the 29th International Conference on Machine Learning ({ICML})},
	year =      {2012},
	publisher = {ACM},
	address =   {New York, NY, USA},
	pages=      {1175--1182},
}

@TechReport{export:132652,
	author       = {Christopher J.C. Burges},
	month        = {6},
	number       = {MSR-TR-2010-82},
	title        = {From RankNet to LambdaRank to LambdaMART: An Overview},
	year         = {2010},
}

@inproceedings{Ganjisaffar:2011:BGT:2009916.2009932,
	author = {Ganjisaffar, Yasser and Caruana, Rich and Lopes, Cristina Videira},
	title = {Bagging Gradient-boosted Trees for High Precision, Low Variance Ranking Models},
	booktitle = {Proceeding of the 34th International {ACM} {SIGIR} Conference on Research
			  and Development in Information Retrieval ({SIGIR})},
	year = {2011},
	pages = {85--94},
	publisher = {ACM},
	address = {New York, NY, USA},
}

@article{Jarvelin:2002:CGE:582415.582418,
	author = {J\"{a}rvelin, Kalervo and Kek\"{a}l\"{a}inen, Jaana},
	title = {Cumulated Gain-based Evaluation of IR Techniques},
	journal = {ACM Transactions on Information Systems},
	issue_date = {October 2002},
	volume = {20},
	number = {4},
	month = oct,
	year = {2002},
	pages = {422--446},
	numpages = {25},
}

@misc{segalovich2010machine,
	title = {Machine learning in search quality at {Y}andex},
	author={Segalovich, Ilya},
	howpublished = {Presentation at the industry track of the 33rd Annual ACM SIGIR Conference. \url{http://download.yandex.ru/company/presentation/yandex-sigir.ppt}},
	year={2010}
}

@article{bm25,
	author = {Robertson, Stephen and Zaragoza, Hugo},
	title = {The Probabilistic Relevance Framework: BM25 and Beyond},
	journal = {Foundations and Trends in Information Retrieval},
	issue_date = {April 2009},
	volume = {3},
	number = {4},
	month = apr,
	year = {2009},
	pages = {333--389},
	numpages = {57},
}

@misc{ranklib,
	title =    {{R}ank{L}ib},
	howpublished = {\url{http://sourceforge.net/p/lemur/wiki/RankLib/}},
}

@article{lambdamart,
	title={Adapting boosting for information retrieval measures},
	author={Wu, Qiang and Burges, Christopher J.C. and Svore, Krysta M. and Gao, Jianfeng},
	journal={Information Retrieval},
	year={2010},
}

@inproceedings{asadi2013training,
	author = {Asadi, Nima and Lin, Jimmy},
	title = {Training Efficient Tree-Based Models for Document Ranking},
	year = {2013},
	booktitle = {Proceedings of the 35th European Conference on Advances in Information Retrieval},
	pages = {146–157},
	numpages = {12},
	location = {Moscow, Russia},
}

@article{LinTKDE,
	author              = {Nima Asadi and Jimmy Lin and Arjen P. de Vries},
	title               = {Runtime Optimizations for Tree-Based Machine Learning Models.},
	journal             = {IEEE Transactions on Knowledge and Data Engineering},
	year                = {2014},
	pages               = {2281-2292},
	volume				= {26},
	number				= {9},
}

@incollection{sharp2008implementing,
	title={Implementing decision trees and forests on a GPU},
	author={Sharp, Toby},
	booktitle={Proc. Computer Vision 2008},
	pages={595--608},
	year={2008},
	publisher={Springer}
}

@inproceedings{van2012accelerating,
	title={Accelerating a random forest classifier: Multi-core, GP-GPU, or FPGA?},
	author={Van Essen, Brian and Macaraeg, Chris and Gokhale, Maya and Prenger, Ryan},
	booktitle={Proceedings of the 20th Annual International Symposium on Field-Programmable
			Custom Computing Machines ({FCCM})},
	pages={232--239},
	year={2012},
	organization={IEEE}
}

@inproceedings{li2012gpu,
	title={GPU based accelerator for RankBoost in web search engines},
	author={Li, Rui-Rui},
	booktitle={Computer Science and Automation Engineering (CSAE), 2012 IEEE International Conference on},
	volume={1},
	pages={15--21},
	year={2012},
	organization={IEEE}
}

@article{hoerl1970ridge,
	title={Ridge Regression: Biased Estimation for Nonorthogonal Problems},
	author={Hoerl, Arthur E and Kennard, Robert W},
	journal={Technometrics},
	volume={12},
	number={1},
	pages={55--67},
	year={1970},
	publisher={Taylor \& Francis}
}

@article{tseng1988coordinate,
	title={Coordinate Ascent for Maximizing Nondifferentiable Concave Functions},
	author={Tseng, Paul and others},
	year={1988},
	publisher={Massachusetts Institute of Technology, Laboratory for Information and~…}
}

@article{Yan2011fpga,
	author = {Yan, Jing and Xu, Ning-YI and Cai, Xiong-FEI and Gao, Rui and Wang, Yu and Luo, Rong and Hsu, Feng-HSIUNG},
	title = {An FPGA-based Accelerator for LambdaRank in Web Search Engines},
	journal = {ACM Trans. Reconfigurable Technol. Syst.},
	issue_date = {August 2011},
	volume = {4},
	number = {3},
	month = aug,
	year = {2011},
	pages = {25:1--25:19},
	articleno = {25},
	numpages = {19},
}

@inproceedings{WangCIKM10,
	author    = {Lidan Wang and Donald Metzler and Jimmy J. Lin},
	title     = {Ranking under temporal constraints},
	booktitle = {Proceedings of the 19th {ACM} Conference on Information and Knowledge
			  Management ({CIKM})},
	year      = {2010},
	pages     = {79-88},
}

@article{Xu:2014:CCT:2627435.2670319,
	author = {Xu, Zhixiang and Kusner, Matt J. and Weinberger, Kilian Q. and Chen, Minmin and Chapelle, Olivier},
	title = {Classifier Cascades and Trees for Minimizing Feature Evaluation Cost},
	journal = {J. Mach. Learn. Res.},
	issue_date = {January 2014},
	volume = {15},
	number = {1},
	month = jan,
	year = {2014},
	pages = {2113--2144},
	numpages = {32},
} 


@inproceedings{Tonellotto:2013:EER:2433396.2433407,
	author = {Tonellotto, Nicola and Macdonald, Craig and Ounis, Iadh},
	title = {Efficient and Effective Retrieval Using Selective Pruning},
	booktitle = {Proceedings of the 6th ACM International Conference on Web Search and Data Mining},
	year = {2013},
	location = {Rome, Italy},
	pages = {63--72},
	numpages = {10},
} 

@inproceedings{Wang:2011:CRM:2009916.2009934,
	author = {Wang, Lidan and Lin, Jimmy and Metzler, Donald},
	title = {A Cascade Ranking Model for Efficient Ranked Retrieval},
	booktitle = {Proceedings of the 34th International ACM SIGIR Conference on Research and Development in Information Retrieval},
	year = {2011},
	location = {Beijing, China},
	pages = {105--114},
	numpages = {10},
}

@inproceedings{WangSIGIR10,
	author    = {Lidan Wang and Jimmy J. Lin and Donald Metzler},
	title     = {Learning to Efficiently Rank},
	booktitle = {Proceeding of the 33rd International {ACM} {SIGIR} Conference on Research
			  and Development in Information Retrieval},
	year      = {2010},
	pages     = {138-145}
}

@article{lmart,
	title={Adapting boosting for information retrieval measures},
	author={Wu, Qiang and Burges, Christopher JC and Svore, Krysta M and Gao, Jianfeng},
	journal={Information Retrieval},
	volume={13},
	number={3},
	pages={254--270},
	year={2010},
	publisher={Springer}
}

@inproceedings{wsd,
	title={A Markov random field model for term dependencies},
	author={Metzler, Donald and Croft, W Bruce},
	booktitle={Proceedings of the 28th annual international ACM SIGIR conference on Research and development in information retrieval},
	pages={472--479},
	year={2005},
	organization={ACM}
}

@book{robertson2009probabilistic,
	title={The probabilistic relevance framework: BM25 and beyond},
	author={Robertson, Stephen and Zaragoza, Hugo},
	year={2009},
	publisher={Now Publishers Inc}
}

@incollection{ecir13,
	title={Two-Stage learning to rank for information retrieval},
	author={Dang, Van and Bendersky, Michael and Croft, W Bruce},
	booktitle={Advances in Information Retrieval},
	pages={423--434},
	year={2013},
	publisher={Springer}
}

@inproceedings{cikm2009fxselection,
	author = {Yu, Hwanjo and Oh, Jinoh and Han, Wook-Shin},
	title = {Efficient Feature Weighting Methods for Ranking},
	booktitle = {Proceedings of the 18th ACM Conference on Information and Knowledge Management},
	year = {2009},
	location = {Hong Kong, China},
	pages = {1157--1166},
	numpages = {10},
}

@inproceedings{cikm2009fxselection2,
	author = {Pan, Feng and Converse, Tim and Ahn, David and Salvetti, Franco and Donato, Gianluca},
	title = {Feature Selection for Ranking Using Boosted Trees},
	booktitle = {Proceedings of the 18th ACM Conference on Information and Knowledge Management},
	year = {2009},
	location = {Hong Kong, China},
	pages = {2025--2028},
	numpages = {4},
}

@ARTICLE{Yu04efficientfeature,
	author = {Lei Yu and Huan Liu and Isabelle Guyon},
	title = {Efficient feature selection via analysis of relevance and redundancy},
	journal = {Journal of Machine Learning Research},
	year = {2004},
	volume = {5},
	pages = {1205--1224}
}

@inproceedings{sigir2007fxselection,
	author = {Geng, Xiubo and Liu, Tie-Yan and Qin, Tao and Li, Hang},
	title = {Feature Selection for Ranking},
	booktitle = {Proc. ACM SIGIR},
	year = {2007},
	location = {Amsterdam, The Netherlands},
	pages = {407--414},
	numpages = {8},
	publisher = {ACM},
}

@inproceedings{Xu:2013:CTC:3042817.3042834,
	author = {Xu, Zhixiang and Kusner, Matt J. and Weinberger, Kilian Q. and Chen, Minmin},
	title = {Cost-sensitive Tree of Classifiers},
	booktitle = {Proceedings of the 30th International Conference on International Conference on Machine Learning - Volume 28},
	year = {2013},
	location = {Atlanta, GA, USA},
	pages = {I-133--I-141},
}

@inproceedings{xu2007adarank,
	title={AdaRank: a Boosting Algorithm for Information Retrieval},
	author={Xu, Jun and Li, Hang},
	booktitle={Proceedings of the 30th International ACM SIGIR Conference on Research and Development in Information Retrieval},
	pages={391--398},
	year={2007}
}
@inproceedings{cambazoglu10early,
	author = {Cambazoglu, Berkant Barla and Zaragoza, Hugo and Chapelle, Olivier and Chen, Jiang and Liao, Ciya and Zheng, Zhaohui and Degenhardt, Jon},
	title = {Early Exit Optimizations for Additive Machine Learned Ranking Systems},
	booktitle = {Proceedings of the 3rd International Conference on Web Search and
			  Web Data Mining ({WSDM})},
	year = {2010},
	pages = {411--420},
	publisher = {ACM},
}

@inproceedings{TangJY14,
	author              = {Xun Tang and Xin Jin and Tao Yang},
	title               = {Cache-conscious Runtime Optimization for Ranking Ensembles},
	booktitle           = {{P}roceedings of the 37th {A}nnual {I}nternational {ACM SIGIR} {C}onference on {R}esearch and {D}evelopment in {I}nformation {R}etrieval ({SIGIR})},
	year                = {2014},
	pages               = {1123-1126}
}

@inproceedings{TyreeWAP11,
	author    = {Stephen Tyree and Kilian Q. Weinberger and Kunal Agrawal and Jennifer Paykin},
	title     = {Parallel Boosted Regression Trees for Web Search Ranking},
	booktitle = {Proc. WWW},
	year      = {2011},
}

@inproceedings{Lam1991,
	author = {Lam, Monica D. and Rothberg, Edward E. and Wolf, Michael E.},
	title = {The Cache Performance and Optimizations of Blocked Algorithms},
	booktitle = {Proc. ASPLOS IV},
	year = {1991},
	pages = {63--74},
	publisher = {ACM},
}

@inproceedings{matrixnet,
	author={Gulin, Andrey and Kuralenok, Igor and Pavlov, Dmitry},
	title={Winning the transfer learning track of {Y}ahoo!'s learning to rank challenge with yetirank},
	booktitle={Workshop and Conference Proceedings, JMLR},
	pages={63--76},
	year={2011}
}


@inproceedings{matrixnet2,
	author = {Trofimov, Ilya and Kornetova, Anna and Topinskiy, Valery},
	title = {Using Boosted Trees for Click-through Rate Prediction for Sponsored Search},
	booktitle = {Proceedings of the 6th International Workshop on Data Mining for Online Advertising and Internet Economy},
	year = {2012},
	location = {Beijing, China},
	pages = {2:1--2:6},
	articleno = {2},
	numpages = {6},
}

@inproceedings{oblivious-kohavi95,
	author={Kohavi, R. and Li, C.-H.},
	title = {Oblivious decision trees, graphs, and top-down pruning},
	booktitle = {Proceedings of the 14th International Joint Conference on Artificial Intelligence},
	pages = {1071-?1077},
	yesr={1995},
	publisher = {Morgan Kaufmann}
}

@inproceedings{decisiontable,
	author    = {Ron Kohavi and
			  Dan Sommerfield},
	title     = {Targeting Business Users with Decision Table Classifiers},
	booktitle = {Proceedings of the 4th International Conference on Knowledge Discovery
			  and Data Mining (KDD-98), New York City, New York, USA, August 27-31,
			  1998},
	pages     = {249--253},
	year      = {1998},
	crossref  = {DBLP:conf/kdd/1998},
}

@inproceedings{oblivious94,
	author={Langley, Pat and Sage, Stephanie},
	title = {Oblivious decision trees and abstract cases},
	booktitle={Working Notes of the AAAI-94 Workshop on Case-Based Reasoning},
	pages={113--117},
	publisher={AAAI Press},
	year={1994}
}

@inproceedings{oblivious-kohavi94,
	author    = {Ron Kohavi},
	title     = {Bottom-Up Induction of Oblivious Read-Once Decision Graphs: Strengths
			  and Limitations},
	booktitle = {Proceedings of the 12th National Conference on Artificial Intelligence,
			  ({AAAI})},
	pages     = {613--618},
	year      = {1994},
}

@inproceedings{Gigli:2016:FFS:2970398.2970433,
	author = {Gigli, Andrea and Lucchese, Claudio and Nardini, Franco Maria and Perego, Raffaele},
	title = {Fast Feature Selection for Learning to Rank},
	booktitle = {Proceedings of the 2016 ACM International Conference on the Theory of Information Retrieval},
	year = {2016},
	location = {Newark, Delaware, USA},
	pages = {167--170},
	numpages = {4},
} 

@inproceedings{Jin:2016:CCB:2911451.2911520,
	author = {Jin, Xin and Yang, Tao and Tang, Xun},
	title = {A Comparison of Cache Blocking Methods for Fast Execution of Ensemble-based Score Computation},
	booktitle = {Proceedings of the 39th International ACM SIGIR Conference on Research and Development in Information Retrieval},
	year = {2016},
	location = {Pisa, Italy},
	pages = {629--638},
	numpages = {10},
} 

@book{DMhandbook,
	editor    = {Oded Maimon and
			  Lior Rokach},
	title     = {Data Mining and Knowledge Discovery Handbook, 2nd ed},
	booktitle = {Data Mining and Knowledge Discovery Handbook, 2nd ed.},
	publisher = {Springer},
	year      = {2010},
}

@inproceedings{blocking,
	author = {Tang, Xun and Jin, Xin and Yang, Tao},
	title = {Cache-conscious Runtime Optimization for Ranking Ensembles},
	booktitle = {Proceedings of the 37th International ACM SIGIR Conference on Research and Development in Information Retrieval},
	year = {2014},
	location = {Gold Coast, Queensland, Australia},
	pages = {1123--1126},
	numpages = {4},
}

@article{hong2009analytical,
	title={An analytical model for a {GPU} architecture with memory-level and thread-level parallelism awareness},
	author={Hong S. and Kim H.},
	journal={{ACM SIGARCH Computer Architecture News}},
	volume={37},
	number={3},
	pages={152--163},
	year={2009}
}

@inproceedings{lee2010debunking,
	author = {Lee, Victor W. and Kim, Changkyu and Chhugani, Jatin and Deisher, Michael and Kim, Daehyun and Nguyen, Anthony D. and Satish, Nadathur and Smelyanskiy, Mikhail and Chennupaty, Srinivas and Hammarlund, Per and Singhal, Ronak and Dubey, Pradeep},
	title = {Debunking the 100X {GPU} vs. {CPU} Myth: An Evaluation of Throughput Computing on {CPU} and {GPU}},
	booktitle = {Proceedings of the 37th Annual International Symposium on Computer Architecture},
	year = {2010},
	location = {Saint-Malo, France},
	pages = {451--460},
	numpages = {10},
}

@inproceedings{jia2012characterizing,
	title={Characterizing and improving the use of demand-fetched caches in {GPUs}},
	author={Jia, Wenhao and Shaw, Kelly A and Martonosi, Margaret},
	booktitle={Proceedings of the 26th ACM international conference on Supercomputing},
	pages={15--24},
	year={2012},
	organization={ACM}
}

@book{patterson2012comparch,
	author    = {Hennessy J.L. and
			  Patterson D.A.},
	title     = {Computer Architecture - A Quantitative Approach (5. ed.)},
	publisher = {Morgan Kaufmann},
	year      = {2012}
}

@inproceedings{schulz2015curfil,
	title={CURFIL: Random Forests for Image Labeling on GPU.},
	author={Schulz, Hannes and Waldvogel, Benedikt and Sheikh, Rasha and Behnke, Sven},
	booktitle={VISAPP (2)},
	pages={156--164},
	year={2015},
	organization={Citeseer}
}

@inproceedings{10.1145/1277741.1277811,
	author = {Geng, Xiubo and Liu, Tie-Yan and Qin, Tao and Li, Hang},
	title = {Feature Selection for Ranking},
	booktitle = {Proceedings of the 30th Annual International ACM SIGIR Conference on Research and Development in Information Retrieval},
	year = {2007},
	location = {Amsterdam, The Netherlands},
	pages = {407--414},
	numpages = {8},
}

@inproceedings{10.1145/2970398.2970433,
	author = {Gigli, Andrea and Lucchese, Claudio and Nardini, Franco Maria and Perego, Raffaele},
	title = {Fast Feature Selection for Learning to Rank},
	year = {2016},
	booktitle = {Proceedings of the 2016 ACM International Conference on the Theory of Information Retrieval},
	pages = {167–170},
	numpages = {4},
	location = {Newark, Delaware, USA},
}

@inproceedings{lightgbm,
	author = {Ke, Guolin and Meng, Qi and Finley, Thomas and Wang, Taifeng and Chen, Wei and Ma, Weidong and Ye, Qiwei and Liu, Tie-Yan},
	title = {LightGBM: A Highly Efficient Gradient Boosting Decision Tree},
	year = {2017},
	booktitle = {Proceedings of the 31st International Conference on Neural Information Processing Systems},
	pages = {3149–3157},
	numpages = {9},
	location = {Long Beach, California, USA},
}

@article{macavaney:arxiv2020-abnirml,
	author = {MacAvaney, Sean and Feldman, Sergey and Goharian, Nazli and Downey, Doug and Cohan, Arman},
	title = {ABNIRML: Analyzing the Behavior of Neural IR Models},
	year = {2020},
	url = {https://arxiv.org/abs/2011.00696},
	journal = {arXiv},
	volume = {abs/2011.00696}
}

@inproceedings{catboost,
	author = {Prokhorenkova, Liudmila and Gusev, Gleb and Vorobev, Aleksandr and Dorogush, Anna Veronika and Gulin, Andrey},
	title = {CatBoost: Unbiased Boosting with Categorical Features},
	year = {2018},
	booktitle = {Proceedings of the 32nd International Conference on Neural Information Processing Systems},
	pages = {6639–6649},
	numpages = {11},
	location = {Montr\'{e}al, Canada},
}


@article{Onal2018NeuralIR,
	author = {Onal, Kezban Dilek and Zhang, Ye and Altingovde, Ismail Sengor and Rahman, Md Mustafizur and Karagoz, Pinar and Braylan, Alex and Dang, Brandon and Chang, Heng-Lu and Kim, Henna and Mcnamara, Quinten and Angert, Aaron and Banner, Edward and Khetan, Vivek and Mcdonnell, Tyler and Nguyen, An Thanh and Xu, Dan and Wallace, Byron C. and Rijke, Maarten and Lease, Matthew},
	title = {Neural Information Retrieval: At the End of the Early Years},
	year = {2018},
	issue_date = {June 2018},
	publisher = {Kluwer Academic Publishers},
	address = {USA},
	volume = {21},
	number = {2–3},
	journal = {Information Retrieval},
	month = {6},
	pages = {111–182},
	numpages = {72},
}

@misc{mitra2017neural,
	title={Neural Models for Information Retrieval}, 
	author={Bhaskar Mitra and Nick Craswell},
	year={2017},
	eprint={1705.01509},
	archivePrefix={arXiv},
	primaryClass={cs.IR}
}

@article{Guo2020NeuralRanking,
	title = {A Deep Look into Neural Ranking Models for Information Retrieval},
	journal={Information Processing \& Management},
	volume = {57},
	number = {6},
	year = {2020},
	author = {Jiafeng Guo and Yixing Fan and Liang Pang and Liu Yang and Qingyao Ai and Hamed Zamani and Chen Wu and W. Bruce Croft and Xueqi Cheng},
}

@inproceedings{Guo2016DRMM,
	author = {Guo, Jiafeng and Fan, Yixing and Ai, Qingyao and Croft, W. Bruce},
	title = {A Deep Relevance Matching Model for Ad-Hoc Retrieval},
	year = {2016},
	booktitle = {Proceedings of the 25th ACM International on Conference on Information and Knowledge Management},
	pages = {55–64},
	numpages = {10},
	location = {Indianapolis, Indiana, USA},
}

@inproceedings{xiong2017knrm,
	author = {Xiong, Chenyan and Dai, Zhuyun and Callan, Jamie and Liu, Zhiyuan and Power, Russell},
	title = {End-to-End Neural Ad-Hoc Ranking with Kernel Pooling},
	year = {2017},
	booktitle = {Proceedings of the 40th International ACM SIGIR Conference on Research and Development in Information Retrieval},
	pages = {55–64},
	numpages = {10},
	location = {Shinjuku, Tokyo, Japan},
}

@misc{word2vec,
	title	= {Efficient Estimation of Word Representations in Vector Space},
	author	= {Tomas Mikolov and Kai Chen and Greg S. Corrado and Jeffrey Dean},
	year	= {2013},
	eprint = {1301.3781},
	archivePrefix = {arXiv},
	primaryClass = {cs.CL},
}

@inproceedings{dai2018convkrnm,
	author = {Dai, Zhuyun and Xiong, Chenyan and Callan, Jamie and Liu, Zhiyuan},
	title = {Convolutional Neural Networks for Soft-Matching N-Grams in Ad-Hoc Search},
	year = {2018},
	booktitle = {Proceedings of the 11th ACM International Conference on Web Search and Data Mining},
	pages = {126–134},
	numpages = {9},
	location = {Marina Del Rey, CA, USA},
}

@inproceedings{ai2019groupwsie,
	author = {Ai, Qingyao and Wang, Xuanhui and Bruch, Sebastian and Golbandi, Nadav and Bendersky, Michael and Najork, Marc},
	title = {Learning Groupwise Multivariate Scoring Functions Using Deep Neural Networks},
	year = {2019},
	booktitle = {Proceedings of the 2019 ACM SIGIR International Conference on Theory of Information Retrieval},
	pages = {85–92},
	numpages = {8},
	location = {Santa Clara, CA, USA},
}

@inproceedings{pang2019setrank,
	title={SetRank: Learning a Permutation-Invariant Ranking Model for Information Retrieval},
	author={Liang Pang and Jun Xu and Qingyao Ai and Yanyan Lan and Xueqi Cheng and Jirong Wen},
	booktitle = {Proceedings of the 43rd International ACM SIGIR Conference on Research and Development in Information Retrieval},
	year = {2020},
}

@inproceedings{vaswani2017attention,
	author = {Vaswani, Ashish and Shazeer, Noam and Parmar, Niki and Uszkoreit, Jakob and Jones, Llion and Gomez, Aidan N. and Kaiser, \L{}ukasz and Polosukhin, Illia},
	title = {Attention is All You Need},
	year = {2017},
	booktitle = {Proceedings of the 31st International Conference on Neural Information Processing Systems},
	pages = {6000–6010},
	numpages = {11},
	location = {Long Beach, California, USA},
}

@misc{nogueira2020passage,
	title={Passage Re-ranking with BERT}, 
	author={Rodrigo Nogueira and Kyunghyun Cho},
	year={2020},
	eprint={1901.04085},
	archivePrefix={arXiv},
	primaryClass={cs.IR}
}

@inproceedings{devlin2019bert,
	title = "{BERT}: Pre-training of Deep Bidirectional Transformers for Language Understanding",
	author = "Devlin, Jacob  and
	Chang, Ming-Wei  and
	Lee, Kenton  and
	Toutanova, Kristina",
	booktitle = "Proceedings of the 2019 Conference of the North {A}merican Chapter of the Association for Computational Linguistics: Human Language Technologies, Volume 1 (Long and Short Papers)",
	month = jun,
	year = "2019",
	pages = "4171--4186",
}

@misc{nguyen2016msmarco,
      title={MS MARCO: A Human Generated MAchine Reading COmprehension Dataset}, 
      author={Payal Bajaj and Daniel Campos and Nick Craswell and Li Deng and Jianfeng Gao and Xiaodong Liu and Rangan Majumder and Andrew McNamara and Bhaskar Mitra and Tri Nguyen and Mir Rosenberg and Xia Song and Alina Stoica and Saurabh Tiwary and Tong Wang},
      year={2018},
      eprint={1611.09268},
      archivePrefix={arXiv},
      primaryClass={cs.CL}
}

@inproceedings{yilmaz2019birch,
	title = "Applying {BERT} to Document Retrieval with Birch",
	author = "Akkalyoncu Yilmaz, Zeynep  and
	Wang, Shengjin  and
	Yang, Wei  and
	Zhang, Haotian  and
	Lin, Jimmy",
	booktitle = "Proceedings of the 2019 Conference on Empirical Methods in Natural Language Processing and the 9th International Joint Conference on Natural Language Processing (EMNLP-IJCNLP): System Demonstrations",
	month = nov,
	year = "2019",
}

@article{Li2020PARADEPR,
	title={PARADE: Passage Representation Aggregation for Document Reranking},
	author={Canjia Li and Andrew Yates and Sean MacAvaney and Ben He and Yingfei Sun},
	archivePrefix={arXiv},
	primaryClass = {cs.IR},
	year={2020},
	eprint={2008.09093},
}

@inproceedings{dai2019bertmaxp,
	author = {Dai, Zhuyun and Callan, Jamie},
	title = {Deeper Text Understanding for IR with Contextual Neural Language Modeling},
	year = {2019},
	booktitle = {Proceedings of the 42nd International ACM SIGIR Conference on Research and Development in Information Retrieval},
	pages = {985–988},
	numpages = {4},
	location = {Paris, France},
}

@inproceedings{macavaney2019cedr,
	author = {MacAvaney, Sean and Yates, Andrew and Cohan, Arman and Goharian, Nazli},
	title = {CEDR: Contextualized Embeddings for Document Ranking},
	year = {2019},
	booktitle = {Proceedings of the 42nd International ACM SIGIR Conference on Research and Development in Information Retrieval},
	pages = {1101–1104},
	numpages = {4},
	location = {Paris, France},
}

@article{nogueira2019multi,
	title={Multi-stage document ranking with BERT},
	author={Nogueira, Rodrigo and Yang, Wei and Cho, Kyunghyun and Lin, Jimmy},
	eprint = {1910.14424},
	archivePrefix = {arXiv},
	primaryClass = {cs.IR},
	year={2019}
}

@article{raffel2020t5,
	author  = {Colin Raffel and Noam Shazeer and Adam Roberts and Katherine Lee and Sharan Narang and Michael Matena and Yanqi Zhou and Wei Li and Peter J. Liu},
	title   = {Exploring the Limits of Transfer Learning with a Unified Text-to-Text Transformer},
	journal = {Journal of Machine Learning Research},
	year    = {2020},
	volume  = {21},
	number  = {140},
	pages   = {1-67},
}

@inproceedings{nogueira2020monot5,
	title = "Document Ranking with a Pretrained Sequence-to-Sequence Model",
	author = "Nogueira, Rodrigo  and
	Jiang, Zhiying  and
	Pradeep, Ronak  and
	Lin, Jimmy",
	booktitle = "Findings of the Association for Computational Linguistics: EMNLP 2020",
	month = nov,
	year = "2020",
	pages = "708--718",
}

@misc{pradeep2021expandomonoduo,
	title={The Expando-Mono-Duo Design Pattern for Text Ranking with Pretrained Sequence-to-Sequence Models}, 
	author={Ronak Pradeep and Rodrigo Nogueira and Jimmy Lin},
	year={2021},
	eprint={2101.05667},
	archivePrefix={arXiv},
	primaryClass={cs.IR}
}

@book{lin2021pretrained,
title={Pretrained Transformers for Text Ranking: BERT and Beyond}, 
author={Jimmy Lin and Rodrigo Nogueira and Andrew Yates},
year={2021},
publisher = {Springer Cham}
}

@inproceedings{lucchese2018selective,
	author = {Lucchese, Claudio and Nardini, Franco Maria and Perego, Raffaele and Orlando, Salvatore and Trani, Salvatore},
	title = {Selective Gradient Boosting for Effective Learning to Rank},
	year = {2018},
	booktitle = {The 41st International ACM SIGIR Conference on Research and Development in Information Retrieval},
	pages = {155–164},
	numpages = {10},
	location = {Ann Arbor, MI, USA},
}

@Book{CART,
	Title                    = {Classification and Regression Trees},
	Author                   = {Leo Breiman and Jerome Friedman and Charles J. Stone and R.A. Olshen},
	Publisher                = {Chapman and Hall/CRC},
	Year                     = {1984}
}

@inproceedings{asadi2013efficiency,
	author = {Asadi, Nima and Lin, Jimmy},
	title = {Effectiveness/Efficiency Tradeoffs for Candidate Generation in Multi-Stage Retrieval Architectures},
	year = {2013},
	booktitle = {Proceedings of the 36th International ACM SIGIR Conference on Research and Development in Information Retrieval},
	pages = {997–1000},
	numpages = {4},
	keywords = {query evaluation, postings intersection},
	location = {Dublin, Ireland},
}

@book{asadi2013phd,
	title={Multi-Stage Search Architectures for Streaming Documents}, 
	author={Nima Asadi},
	year={2013},
	publisher = {University of Maryland}
}

@inproceedings{asadi2012bloom,
	author = {Asadi, Nima and Lin, Jimmy},
	title = {Fast Candidate Generation for Two-Phase Document Ranking: Postings List Intersection with Bloom Filters},
	year = {2012},
	booktitle = {Proceedings of the 21st ACM International Conference on Information and Knowledge Management},
	pages = {2419–2422},
	numpages = {4},
	keywords = {learning to rank, postings lists intersection, scalability and efficiency},
	location = {Maui, Hawaii, USA},
}

@article{asadi2013bloom,
	author = {Asadi, Nima and Lin, Jimmy},
	title = {Fast Candidate Generation for Real-Time Tweet Search with Bloom Filter Chains},
	year = {2013},
	issue_date = {July 2013},
	volume = {31},
	number = {3},
	journal = {ACM Transactions on Information Systems},
	month = {8},
	articleno = {13},
	numpages = {36},
}

@article{nogueira2019document,
	title={Document Expansion by Query Prediction},
	author={Nogueira, Rodrigo and Yang, Wei and Lin, Jimmy and Cho, Kyunghyun},
	eprint={1904.08375},
	archivePrefix = {arXiv},
	primaryClass = {cs.IR},
	year={2019}
}

@inproceedings{xiong2021approximate,
	author = {Xiong, Lee and Xiong, Chenyan and Li, Ye and Tang, Kwok-Fung and Liu, Jialin and Bennett, Paul and Ahmed, Junaid and Overwijk, Arnold},
	title = {Approximate Nearest Neighbor Negative Contrastive Learning for Dense Text Retrieval},
	booktitle = {International Conference on Learning Representations},
	year = {2021},
	month = {4},
}

@article{brown2020language,
	title={Language Models are Few-Shot Learners},
	author={Tom B. Brown and Benjamin Mann and Nick Ryder and Melanie Subbiah and Jared Kaplan and Prafulla Dhariwal and Arvind Neelakantan and Pranav Shyam and Girish Sastry and Amanda Askell and Sandhini Agarwal and Ariel Herbert-Voss and Gretchen Krueger and Tom Henighan and Rewon Child and Aditya Ramesh and Daniel M. Ziegler and Jeffrey Wu and Clemens Winter and Christopher Hesse and Mark Chen and Eric Sigler and Mateusz Litwin and Scott Gray and Benjamin Chess and Jack Clark and Christopher Berner and Sam McCandlish and Alec Radford and Ilya Sutskever and Dario Amodei},
	year={2020},
	eprint={2005.14165},
	archivePrefix={arXiv},
	primaryClass={cs.CL}
}

@inbook{matsubara2020multistage,
	author = {Matsubara, Yoshitomo and Vu, Thuy and Moschitti, Alessandro},
	title = {Reranking for Efficient Transformer-Based Answer Selection},
	year = {2020},
	booktitle = {Proceedings of the 43rd International ACM SIGIR Conference on Research and Development in Information Retrieval},
	pages = {1577–1580},
	numpages = {4}
}

@inproceedings{Soldaini2020TheCT,
	title={The Cascade Transformer: an Application for Efficient Answer Sentence Selection},
	author={Luca Soldaini and Alessandro Moschitti},
	booktitle={ACL},
	year={2020}
}

@inproceedings{xin-etal-2020-deebert,
	title = "{D}ee{BERT}: Dynamic Early Exiting for Accelerating {BERT} Inference",
	author = "Xin, Ji  and
	Tang, Raphael  and
	Lee, Jaejun  and
	Yu, Yaoliang  and
	Lin, Jimmy",
	booktitle = "Proceedings of the 58th Annual Meeting of the Association for Computational Linguistics",
	month = jul,
	year = "2020",
}

@inproceedings{xin-etal-2021-berxit,
	title = "{BER}xi{T}: Early Exiting for {BERT} with Better Fine-Tuning and Extension to Regression",
	author = "Xin, Ji  and
	Tang, Raphael  and
	Yu, Yaoliang  and
	Lin, Jimmy",
	booktitle = "Proceedings of the 16th Conference of the European Chapter of the Association for Computational Linguistics: Main Volume",
	month = apr,
	year = "2021",
	pages = "91--104",
}

@inproceedings{gordon-etal-2020-compressing,
	title = "Compressing {BERT}: Studying the Effects of Weight Pruning on Transfer Learning",
	author = "Gordon, Mitchell  and
	Duh, Kevin  and
	Andrews, Nicholas",
	booktitle = "Proceedings of the 5th Workshop on Representation Learning for NLP",
	month = jul,
	year = "2020",
	pages = "143--155",
}

@misc{mccarley2021structured,
	title={Structured Pruning of a BERT-based Question Answering Model}, 
	author={J. S. McCarley and Rishav Chakravarti and Avirup Sil},
	year={2021},
	eprint={1910.06360},
	archivePrefix={arXiv},
	primaryClass={cs.CL}
}

@inproceedings{lin-etal-2020-pruning,
	title = "Pruning Redundant Mappings in Transformer Models via Spectral-Normalized Identity Prior",
	author = "Lin, Zi  and
	Liu, Jeremiah  and
	Yang, Zi  and
	Hua, Nan  and
	Roth, Dan",
	booktitle = "Findings of the Association for Computational Linguistics: EMNLP 2020",
	month = nov,
	year = "2020",
}

@inproceedings{liu-etal-2021-ebert,
	title = "{EBERT}: Efficient {BERT} Inference with Dynamic Structured Pruning",
	author = "Liu, Zejian  and
	Li, Fanrong  and
	Li, Gang  and
	Cheng, Jian",
	booktitle = "Findings of the Association for Computational Linguistics: ACL-IJCNLP 2021",
	month = aug,
	year = "2021",
	pages = "4814--4823",
}

@inproceedings{jiao-etal-2020-tinybert,
	title = "{T}iny{BERT}: Distilling {BERT} for Natural Language Understanding",
	author = "Jiao, Xiaoqi  and
	Yin, Yichun  and
	Shang, Lifeng  and
	Jiang, Xin  and
	Chen, Xiao  and
	Li, Linlin  and
	Wang, Fang  and
	Liu, Qun",
	booktitle = "Findings of the Association for Computational Linguistics: EMNLP 2020",
	month = nov,
	year = "2020",
}

@misc{sanh2020distilbert,
	title={DistilBERT, a Distilled Version of BERT: Smaller, Faster, Cheaper and Lighter}, 
	author={Victor Sanh and Lysandre Debut and Julien Chaumond and Thomas Wolf},
	year={2020},
	eprint={1910.01108},
	archivePrefix={arXiv},
	primaryClass={cs.CL}
}

@inproceedings{gao2020distillation,
	author = {Gao, Luyu and Dai, Zhuyun and Callan, Jamie},
	title = {Understanding BERT Rankers Under Distillation},
	year = {2020},
	booktitle = {Proceedings of the 2020 ACM SIGIR on International Conference on Theory of Information Retrieval},
	pages = {149–152},
	numpages = {4},
	keywords = {efficiency, knowledge distillation, neural IR},
	location = {Virtual Event, Norway},
}

@inbook{mitra2021conformer,
	author = {Mitra, Bhaskar and Hofst\"{a}tter, Sebastian and Zamani, Hamed and Craswell, Nick},
	title = {Improving Transformer-Kernel Ranking Model Using Conformer and Query Term Independence},
	year = {2021},
	booktitle = {Proceedings of the 44th International ACM SIGIR Conference on Research and Development in Information Retrieval},
	pages = {1697–1702},
	numpages = {6}
}

@inproceedings{Hofstaetter2020_sigir,
	author = {Hofst{\"a}tter, Sebastian and Zamani, Hamed and Mitra, Bhaskar and Craswell, Nick and Hanbury, Allan},
	title = {{Local Self-Attention over Long Text for Efficient Document Retrieval}},
	booktitle = {Proceedings of the 43rd International ACM SIGIR Conference on Research and Development in Information Retrieval},
	year = {2020},
	location = {Virtual Event, China},
	pages = {2021–2024},
	numpages = {4},
}

@inproceedings{scells2022sigir-green-ir,
	author = {Scells, Harrisen and Zhuang, Shengyao and Zuccon, Guido},
	title = {Reduce, Reuse, Recycle: Green Information Retrieval Research},
	year = {2022},
	booktitle = {Proceedings of the 45th International ACM SIGIR Conference on Research and Development in Information Retrieval},
	pages = {2825–2837},
	numpages = {13},
	keywords = {emissions, efficiency, deep learning, green ir},
	location = {Madrid, Spain},
}

@inproceedings{strubell-etal-2019-energy,
	title = "Energy and Policy Considerations for Deep Learning in {NLP}",
	author = "Strubell, Emma  and
	Ganesh, Ananya  and
	McCallum, Andrew",
	booktitle = "Proceedings of the 57th Annual Meeting of the Association for Computational Linguistics",
	month = jul,
	year = "2019",
	address = "Florence, Italy",
	pages = "3645--3650",
}

@misc{xu2021green-dl,
	author = {Xu, Jingjing and Zhou, Wangchunshu and Fu, Zhiyi and Zhou, Hao and Li, Lei},
	title = {A Survey on Green Deep Learning},
	eprint = {2111.05193},
	primaryClass = {cs.CL},
	archivePrefix = {arXiv},
	year = {2021},
}

@inproceedings{bruch2022reneuir,
	author = {Bruch, Sebastian and Lucchese, Claudio and Nardini, Franco Maria},
	title = {ReNeuIR: Reaching Efficiency in Neural Information Retrieval},
	year = {2022},
	booktitle = {Proceedings of the 45th International ACM SIGIR Conference on Research and Development in Information Retrieval},
	pages = {3462–3465},
	numpages = {4},
	location = {Madrid, Spain},
}

@article{bruch2022reneuir-report,
	author = {Bruch, Sebastian and Lucchese, Claudio and Nardini, Franco Maria},
	title = {Report on the 1st Workshop on Reaching Efficiency in Neural Information Retrieval (ReNeuIR 2022) at SIGIR 2022},
	year = {2023},
	issue_date = {December 2022},
	volume = {56},
	number = {2},
	journal = {SIGIR Forum},
	articleno = {12},
	numpages = {14}
}

@inproceedings{mallia2022sigir,
	author = {Mallia, Antonio and Mackenzie, Joel and Suel, Torsten and Tonellotto, Nicola},
	title = {Faster Learned Sparse Retrieval with Guided Traversal},
	year = {2022},
	booktitle = {Proceedings of the 45th International ACM SIGIR Conference on Research and Development in Information Retrieval},
	pages = {1901–1905},
	numpages = {5},
	location = {Madrid, Spain},
}

@inproceedings{lassance2022sigir,
	author = {Lassance, Carlos and Clinchant, St\'{e}phane},
	title = {An Efficiency Study for SPLADE Models},
	year = {2022},
	booktitle = {Proceedings of the 45th International ACM SIGIR Conference on Research and Development in Information Retrieval},
	pages = {2220–2226},
	numpages = {7},
	location = {Madrid, Spain},
}

@inproceedings{broder2003wand,
	author = {Broder, Andrei Z. and Carmel, David and Herscovici, Michael and Soffer, Aya and Zien, Jason},
	title = {Efficient Query Evaluation Using a Two-Level Retrieval Process},
	year = {2003},
	booktitle = {Proceedings of the 12th International Conference on Information and Knowledge Management},
	pages = {426–434},
	numpages = {9},
	location = {New Orleans, LA, USA},
}

@inproceedings{ding2011bmwand,
	author = {Ding, Shuai and Suel, Torsten},
	title = {Faster Top-k Document Retrieval Using Block-Max Indexes},
	year = {2011},
	booktitle = {Proceedings of the 34th International ACM SIGIR Conference on Research and Development in Information Retrieval},
	pages = {993–1002},
	numpages = {10},
	location = {Beijing, China},
}

@article{mackenzie2021anytime,
	author = {Mackenzie, Joel and Petri, Matthias and Moffat, Alistair},
	title = {Anytime Ranking on Document-Ordered Indexes},
	year = {2021},
	issue_date = {January 2022},
	volume = {40},
	number = {1},
	journal = {ACM Transactions on Information Systems},
	month = {9},
	articleno = {13},
	numpages = {32},
}

@inproceedings{petri2019accelerated,
	author = {Petri, Matthias and Moffat, Alistair and Mackenzie, Joel and Culpepper, J. Shane and Beck, Daniel},
	title = {Accelerated Query Processing Via Similarity Score Prediction},
	year = {2019},
	booktitle = {Proceedings of the 42nd International ACM SIGIR Conference on Research and Development in Information Retrieval},
	pages = {485–494},
	numpages = {10},
	keywords = {dynamic pruning, query efficiency, inverted index},
	location = {Paris, France},
}

@misc{malkov2016hnsw,
	author = {Malkov, Yu. A. and Yashunin, D. A.},
	title = {Efficient and Robust Approximate Nearest Neighbor Search using Hierarchical Navigable Small World graphs},
	archivePrefix = {arXiv},
	eprint = {1603.09320},
	primaryClass = {cs.DS},
	year = {2016},
}

@article{wang2021graphanns,
	author = {Wang, Mengzhao and Xu, Xiaoliang and Yue, Qiang and Wang, Yuxiang},
	title = {A Comprehensive Survey and Experimental Comparison of Graph-Based Approximate Nearest Neighbor Search},
	year = {2021},
	issue_date = {July 2021},
	publisher = {VLDB Endowment},
	volume = {14},
	number = {11},
	journal = {Proc. VLDB Endow.},
	month = {7},
	pages = {1964–1978},
	numpages = {15}
}

@inproceedings{Bruch:wsdm:2020,
	author = {Bruch, Sebastian and Han, Shuguang and Bendersky, Michael and Najork, Marc},
	title = {A Stochastic Treatment of Learning to Rank Scoring Functions},
	year = {2020},
	booktitle = {Proceedings of the 13th International Conference on Web Search and Data Mining},
	pages = {61–69},
	numpages = {9},
}

@inproceedings{oosterhuis2021plrank,
	Author = {Oosterhuis, Harrie},
	Booktitle = {Proceedings of the 44th International ACM SIGIR Conference on Research and Development in Information Retrieval},
	Organization = {ACM},
	Title = {Computationally Efficient Optimization of Plackett-Luce Ranking Models for Relevance and Fairness},
	Year = {2021}
}

@inproceedings{diaz2020exposure,
	author = {Diaz, Fernando and Mitra, Bhaskar and Ekstrand, Michael D. and Biega, Asia J. and Carterette, Ben},
	title = {Evaluating Stochastic Rankings with Expected Exposure},
	year = {2020},
	booktitle = {Proceedings of the 29th ACM International Conference on Information \& Knowledge Management},
	pages = {275–284},
	numpages = {10},
	keywords = {evaluation, fairness, learning to rank, diversity},
	location = {Virtual Event, Ireland},
}

@inproceedings{Zamani2022cascade,
	title	= {Stochastic Retrieval-Conditioned Reranking},
	author	= {Hamed Zamani and Mike Bendersky and Donald Metzler and Honglei Zhuang and Marc Najork},
	year	= {2022},
	booktitle	= {Proceedings of the 2022 ACM SIGIR International Conference on the Theory of Information Retrieval},
	location = {Madrid, Spain},
}

@article{Johnson2021faiss,
	title={Billion-Scale Similarity Search with GPUs},
	author={Jeff Johnson and Matthijs Douze and Herv{\'e} J{\'e}gou},
	journal={IEEE Transactions on Big Data},
	year={2021},
	volume={7},
	pages={535-547}
}


@inproceedings{zhuang2022reneuir,
	author = {Zhuang, Shengyao and Zuccon, Guido},
	title = {Fast Passage Re-ranking with Contextualized Exact Term Matching and Efficient Passage Expansion},
	booktitle = {Workshop on Reaching Efficiency in Neural Information Retrieval, the 45th International ACM SIGIR Conference on Research and Development in Information Retrieval},
	year = {2022},
}

@inproceedings{tilde,
	author = {Zhuang, Shengyao and Zuccon, Guido},
	title = {TILDE: Term Independent Likelihood MoDEl for Passage Re-Ranking},
	year = {2021},
	booktitle = {Proceedings of the 44th International ACM SIGIR Conference on Research and Development in Information Retrieval},
	pages = {1483–1492},
	numpages = {10},
	location = {Virtual Event, Canada},
}

@inproceedings{formal2022splade,
	author = {Formal, Thibault and Lassance, Carlos and Piwowarski, Benjamin and Clinchant, St\'{e}phane},
	title = {From Distillation to Hard Negative Sampling: Making Sparse Neural IR Models More Effective},
	year = {2022},
	booktitle = {Proceedings of the 45th International ACM SIGIR Conference on Research and Development in Information Retrieval},
	pages = {2353–2359},
	numpages = {7},
	location = {Madrid, Spain},
}

@inproceedings{thakur2021beir,
	title={{BEIR}: A Heterogeneous Benchmark for Zero-shot Evaluation of Information Retrieval Models},
	author={Nandan Thakur and Nils Reimers and Andreas R{\"u}ckl{\'e} and Abhishek Srivastava and Iryna Gurevych},
	booktitle={35th Conference on Neural Information Processing Systems Datasets and Benchmarks Track (Round 2)},
	year={2021},
}

@article{luan-etal-2021-sparse,
	title = "Sparse, Dense, and Attentional Representations for Text Retrieval",
	author = "Luan, Yi  and
	Eisenstein, Jacob  and
	Toutanova, Kristina  and
	Collins, Michael",
	journal = "Transactions of the Association for Computational Linguistics",
	volume = "9",
	year = "2021",
	pages = "329--345",
}

@inproceedings{wang2021bert,
	author = {Wang, Shuai and Zhuang, Shengyao and Zuccon, Guido},
	title = {BERT-Based Dense Retrievers Require Interpolation with BM25 for Effective Passage Retrieval},
	year = {2021},
	booktitle = {Proceedings of the 2021 ACM SIGIR International Conference on Theory of Information Retrieval},
	pages = {317–324},
	numpages = {8},
	keywords = {dense retrievers, neural IR, passage retrieval, BERT ranking},
	location = {Virtual Event, Canada},
}

@inproceedings{chen2022ecir,
	author = {Chen, Tao and Zhang, Mingyang and Lu, Jing and Bendersky, Michael and Najork, Marc},
	title = {Out-of-Domain Semantics to the Rescue! Zero-Shot Hybrid Retrieval Models},
	year = {2022},
	booktitle = {Advances in Information Retrieval: 44th European Conference on IR Research},
	pages = {95--110},
	numpages = {16},
	location = {Stavanger, Norway}
}

@inproceedings{zhuang2021ictir,
	author = {Zhuang, Honglei and Qin, Zhen and Han, Shuguang and Wang, Xuanhui and Bendersky, Michael and Najork, Marc},
	title = {Ensemble Distillation for BERT-Based Ranking Models},
	year = {2021},
	booktitle = {Proceedings of the 2021 ACM SIGIR International Conference on Theory of Information Retrieval},
	pages = {131–136},
	numpages = {6},
	location = {Virtual Event, Canada},
}

@book{
	chuklin2015click,
	Author = {Chuklin, Aleksandr and Markov, Ilya and de Rijke, Maarten},
	Publisher = {Morgan \& Claypool},
	Title = {Click Models for Web Search},
	Year = {2015},
	Isbn = {9781627056489},
}

@inproceedings{oosterhuis-www2020-counterfactual,
	author = {Oosterhuis, Harrie and Jagerman, Rolf and de Rijke, Maarten},
	title = {Unbiased Learning to Rank: Counterfactual and Online Approaches},
	year = {2020},
	booktitle = {Companion Proceedings of the Web Conference 2020},
	pages = {299–300},
	numpages = {2},
	location = {Taipei, Taiwan},
}

@inproceedings{lucchese-sigir2019-tutorial,
	author = {Lucchese, Claudio and Nardini, Franco Maria and Pasumarthi, Rama Kumar and Bruch, Sebastian and Bendersky, Michael and Wang, Xuanhui and Oosterhuis, Harrie and Jagerman, Rolf and de Rijke, Maarten},
	title = {Learning to Rank in Theory and Practice: From Gradient Boosting to Neural Networks and Unbiased Learning},
	year = {2019},
	booktitle = {Proceedings of the 42nd International ACM SIGIR Conference on Research and Development in Information Retrieval},
	pages = {1419–1420},
	numpages = {2},
	location = {Paris, France},
}

@inproceedings{NEURIPS2021_b5200c61,
	author = {Swezey, Robin and Grover, Aditya and Charron, Bruno and Ermon, Stefano},
	booktitle = {Advances in Neural Information Processing Systems},
	editor = {M. Ranzato and A. Beygelzimer and Y. Dauphin and P.S. Liang and J. Wortman Vaughan},
	pages = {21644--21654},
	title = {PiRank: Scalable Learning To Rank via Differentiable Sorting},
	volume = {34},
	year = {2021}
}

@inproceedings{NEURIPS2020_ec24a54d,
	author = {Xie, Yujia and Dai, Hanjun and Chen, Minshuo and Dai, Bo and Zhao, Tuo and Zha, Hongyuan and Wei, Wei and Pfister, Tomas},
	booktitle = {Advances in Neural Information Processing Systems},
	pages = {20520--20531},
	title = {Differentiable Top-k with Optimal Transport},
	volume = {33},
	year = {2020}
}

@inproceedings{NEURIPS2019_d8c24ca8,
	author = {Cuturi, Marco and Teboul, Olivier and Vert, Jean-Philippe},
	booktitle = {Advances in Neural Information Processing Systems},
	pages = {},
	title = {Differentiable Ranking and Sorting using Optimal Transport},
	volume = {32},
	year = {2019}
}

@inproceedings{10.5555/3524938.3525027,
	author = {Blondel, Mathieu and Teboul, Olivier and Berthet, Quentin and Djolonga, Josip},
	title = {Fast Differentiable Sorting and Ranking},
	year = {2020},
	booktitle = {Proceedings of the 37th International Conference on Machine Learning},
	articleno = {89},
	numpages = {10},
}

@inproceedings{10.1145/3477495.3531849,
	author = {Jagerman, Rolf and Qin, Zhen and Wang, Xuanhui and Bendersky, Michael and Najork, Marc},
	title = {On Optimizing Top-K Metrics for Neural Ranking Models},
	year = {2022},
	booktitle = {Proceedings of the 45th International ACM SIGIR Conference on Research and Development in Information Retrieval},
	pages = {2303–2307},
	numpages = {5},
	location = {Madrid, Spain},
}

@inproceedings{10.1145/3289600.3290986,
	author = {Gallagher, Luke and Chen, Ruey-Cheng and Blanco, Roi and Culpepper, J. Shane},
	title = {Joint Optimization of Cascade Ranking Models},
	year = {2019},
	booktitle = {Proceedings of the 12th ACM International Conference on Web Search and Data Mining},
	pages = {15–23},
	numpages = {9},
	location = {Melbourne VIC, Australia},
}

@article{bruch2023fusion,
    author = {Bruch, Sebastian and Gai, Siyu and Ingber, Amir},
    title = {An Analysis of Fusion Functions for Hybrid Retrieval},
    year = {2023},
    issue_date = {January 2024},
    volume = {42},
    number = {1},
    journal = {ACM Transactions on Information Systems},
    month = 8,
    articleno = {20},
    numpages = {35},
}

@article{santhanam2022moving,
	title={Moving Beyond Downstream Task Accuracy for Information Retrieval Benchmarking},
	author={Santhanam, Keshav and Saad-Falcon, Jon and Franz, Martin and Khattab, Omar and Sil, Avirup and Florian, Radu and Sultan, Md Arafat and Roukos, Salim and Zaharia, Matei and Potts, Christopher},
	eprint={2212.01340},
	archivePrefix={arXiv},
	primaryClass={cs.IR},
	year={2022}
}

@inproceedings{Ma2021DynaboardAE,
	title={Dynaboard: An Evaluation-As-A-Service Platform for Holistic Next-Generation Benchmarking},
	author={Zhiyi Ma and Kawin Ethayarajh and Tristan Thrush and Somya Jain and Ledell Yu Wu and Robin Jia and Christopher Potts and Adina Williams and Douwe Kiela},
	booktitle={Neural Information Processing Systems},
	year={2021}
}

@misc{doc2query-t5,
	author = {Nogueira, Rodrigo and Lin, Jimmy},
	title = {From doc2query to docTTTTTquery},
	year = {2019}}


@inproceedings{zhang-etal-2021-ltrmuppets,
	title = {Learning to Rank in the Age of Muppets: Effectiveness{--}Efficiency Tradeoffs in Multi-Stage Ranking},
	author = {Zhang, Yue  and
		   Hu, ChengCheng  and
		   Liu, Yuqi  and
		   Fang, Hui  and
		   Lin, Jimmy},
	booktitle = {Proceedings of the 2nd Workshop on Simple and Efficient Natural Language Processing},
	month = {11},
	year = {2021},
	pages = {64--73},
}

@inproceedings{liu-etal-2020-fastbert,
	title = "{F}ast{BERT}: a Self-distilling {BERT} with Adaptive Inference Time",
	author = "Liu, Weijie  and
	Zhou, Peng  and
	Wang, Zhiruo  and
	Zhao, Zhe  and
	Deng, Haotang  and
	Ju, Qi",
	booktitle = "Proceedings of the 58th Annual Meeting of the Association for Computational Linguistics",
	month = {7},
	year = "2020",
	pages = "6035--6044",
}

@inproceedings{schwartz-etal-2020-right,
	title = "The Right Tool for the Job: Matching Model and Instance Complexities",
	author = "Schwartz, Roy  and
	Stanovsky, Gabriel  and
	Swayamdipta, Swabha  and
	Dodge, Jesse  and
	Smith, Noah A.",
	booktitle = "Proceedings of the 58th Annual Meeting of the Association for Computational Linguistics",
	month = {7},
	year = "2020",
	pages = "6640--6651",
}

@misc{repbert2020dr,
	author = {Zhan, Jingtao and Mao, Jiaxin and Liu, Yiqun and Zhang, Min and Ma, Shaoping},
	title = {RepBERT: Contextualized Text Embeddings for First-Stage Retrieval},
	year = {2020},
	eprint = {2006.15498},
	archivePrefix={arXiv},
	primaryClass = {cs.IR},
}

@misc{ma2021replication-of-dpr,
	author = {Ma, Xueguang and Sun, Kai and Pradeep, Ronak and Lin, Jimmy},
	title = {A Replication Study of Dense Passage Retriever},
	year = {2021},
	eprint = {2104.05740},
	archivePrefix={arXiv},
	primaryClass = {cs.IR},
}

@inproceedings{qu-etal-2021-rocketqa,
	title = "{R}ocket{QA}: An Optimized Training Approach to Dense Passage Retrieval for Open-Domain Question Answering",
	author = "Qu, Yingqi  and
	Ding, Yuchen  and
	Liu, Jing  and
	Liu, Kai  and
	Ren, Ruiyang  and
	Zhao, Wayne Xin  and
	Dong, Daxiang  and
	Wu, Hua  and
	Wang, Haifeng",
	booktitle = "Proceedings of the 2021 Conference of the North American Chapter of the Association for Computational Linguistics: Human Language Technologies",
	month = {6},
	year = "2021",
	pages = "5835--5847",
}

@inproceedings{reconc2022wsdm,
	author = {Zhan, Jingtao and Mao, Jiaxin and Liu, Yiqun and Guo, Jiafeng and Zhang, Min and Ma, Shaoping},
	title = {Learning Discrete Representations via Constrained Clustering for Effective and Efficient Dense Retrieval},
	year = {2022},
	booktitle = {Proceedings of the 15th ACM International Conference on Web Search and Data Mining},
	pages = {1328–1336},
	numpages = {9},
	location = {Virtual Event, AZ, USA},
}

@inproceedings{zhan2021joint,
	author = {Zhan, Jingtao and Mao, Jiaxin and Liu, Yiqun and Guo, Jiafeng and Zhang, Min and Ma, Shaoping},
	title = {Jointly Optimizing Query Encoder and Product Quantization to Improve Retrieval Performance},
	year = {2021},
	booktitle = {Proceedings of the 30th ACM International Conference on Information and Knowledge Management},
	pages = {2487–2496},
	numpages = {10},
	location = {Virtual Event, Queensland, Australia},
}

@misc{zhao2022dense-retrieval,
	author = {Zhao, Wayne Xin and Liu, Jing and Ren, Ruiyang and Wen, Ji-Rong},
	title = {Dense Text Retrieval based on Pretrained Language Models: A Survey},
	year = {2022},
	eprint = {2211.14876},
	archivePrefix={arXiv},
	primaryClass = {cs.IR},
}

@inproceedings{tonellotto2021colbert,
	author = {Tonellotto, Nicola and Macdonald, Craig},
	title = {Query Embedding Pruning for Dense Retrieval},
	year = {2021},
	booktitle = {Proceedings of the 30th ACM International Conference on Information and Knowledge Management},
	pages = {3453–3457},
	numpages = {5},
	location = {Virtual Event, Queensland, Australia},
}


@inproceedings{quality-biased-ranking,
	author = {Bendersky, Michael and Croft, W. Bruce and Diao, Yanlei},
	title = {Quality-Biased Ranking of Web Documents},
	year = {2011},
	booktitle = {Proceedings of the 4th ACM International Conference on Web Search and Data Mining},
	pages = {95–104},
	numpages = {10},
	location = {Hong Kong, China},
}

@article{cormack2011efficient,
	title={Efficient and Effective Spam Filtering and Re-ranking for Large Web Datasets},
	author={Cormack, Gordon V and Smucker, Mark D and Clarke, Charles LA},
	journal={Information Retrieval},
	volume={14},
	pages={441--465},
	year={2011},
	publisher={Springer}
}

@inproceedings{macdonald2012usefulness,
	title={On the Usefulness of Query Features for Learning to Rank},
	author={Macdonald, Craig and Santos, Rodrygo LT and Ounis, Iadh},
	booktitle={Proceedings of the 21st ACM International Conference on Information and Knowledge Management},
	pages={2559--2562},
	year={2012}
}

@misc{xu2022survey,
	title={A Survey on Model Compression and Acceleration for Pretrained Language Models}, 
	author={Canwen Xu and Julian McAuley},
	year={2022},
	eprint={2202.07105},
	archivePrefix={arXiv},
	primaryClass={cs.CL}
}

@ARTICLE{multimodal2020Zhang,
  author={Zhang, Chao and Yang, Zichao and He, Xiaodong and Deng, Li},
  journal={IEEE Journal of Selected Topics in Signal Processing}, 
  title={Multimodal Intelligence: Representation Learning, Information Fusion, and Applications}, 
  year={2020},
  volume={14},
  number={3},
  pages={478-493},
}

@ARTICLE{guo2019multimodal,
  author={Guo, Wenzhong and Wang, Jianwen and Wang, Shiping},
  journal={IEEE Access}, 
  title={Deep Multimodal Representation Learning: A Survey}, 
  year={2019},
  volume={7},
  number={},
  pages={63373-63394},
}

@misc{sparterm,
	author = {Bai, Yang and Li, Xiaoguang and Wang, Gang and Zhang, Chaoliang and Shang, Lifeng and Xu, Jun and Wang, Zhaowei and Wang, Fangshan and Liu, Qun},
	publisher = {arXiv},
	title = {SparTerm: Learning Term-based Sparse Representation for Fast Text Retrieval},
	year = {2020}
}

@inproceedings{dai2020sigir,
	author = {Dai, Zhuyun and Callan, Jamie},
	booktitle = {Proceedings of the 43rd International ACM SIGIR Conference on Research and Development in Information Retrieval},
	location = {Virtual Event, China},
	numpages = {4},
	pages = {1533--1536},
	title = {Context-Aware Term Weighting For First Stage Passage Retrieval},
	year = {2020}
}

@inproceedings{coil,
	author = {Luyu Gao and Zhuyun Dai and Jamie Callan},
	booktitle = {Proceedings of the 2021 Conference of the North American Chapter of the Association for Computational Linguistics: Human Language Technologies, {NAACL-HLT} 2021, Online, June 6-11, 2021},
	pages = {3030--3042},
	title = {{COIL:} Revisit Exact Lexical Match in Information Retrieval with Contextualized Inverted List},
	year = {2021}}

@inproceedings{mallia2021learning,
	author = {Mallia, Antonio and Khattab, Omar and Suel, Torsten and Tonellotto, Nicola},
	booktitle = {Proceedings of the 44th International ACM SIGIR Conference on Research and Development in Information Retrieval},
	location = {Virtual Event, Canada},
	numpages = {5},
	pages = {1723--1727},
	title = {Learning Passage Impacts for Inverted Indexes},
	year = {2021}}

@inproceedings{zamani2018cikm,
	author = {Zamani, Hamed and Dehghani, Mostafa and Croft, W. Bruce and Learned-Miller, Erik and Kamps, Jaap},
	booktitle = {Proceedings of the 27th ACM International Conference on Information and Knowledge Management},
	location = {Torino, Italy},
	numpages = {10},
	pages = {497--506},
	title = {From Neural Re-Ranking to Neural Ranking: Learning a Sparse Representation for Inverted Indexing},
	year = {2018}}

@inproceedings{formal2021splade,
	author = {Formal, Thibault and Piwowarski, Benjamin and Clinchant, St\'{e}phane},
	booktitle = {Proceedings of the 44th International ACM SIGIR Conference on Research and Development in Information Retrieval},
	keywords = {neural networks, regularization, sparse representations, indexing},
	location = {Virtual Event, Canada},
	numpages = {5},
	pages = {2288--2292},
	title = {SPLADE: Sparse Lexical and Expansion Model for First Stage Ranking},
	year = {2021}}

@misc{unicoil,
	author = {Lin, Jimmy and Ma, Xueguang},
	archiveprefix = {arXiv},
        eprint = {2106.14807},
        primaryclass = {cs.IR},
	title = {A Few Brief Notes on DeepImpact, COIL, and a Conceptual Framework for Information Retrieval Techniques},
	year = {2021}}

@inproceedings{reimers-2019-sentence-bert,
    title = "Sentence-BERT: Sentence Embeddings using Siamese BERT-Networks",
    author = "Reimers, Nils and Gurevych, Iryna",
    booktitle = "Proceedings of the 2019 Conference on Empirical Methods in Natural Language Processing",
    month = "11",
    year = "2019",
    publisher = "Association for Computational Linguistics",
}

@inproceedings{colbert2020khattab,
author = {Khattab, Omar and Zaharia, Matei},
title = {ColBERT: Efficient and Effective Passage Search via Contextualized Late Interaction over BERT},
year = {2020},
booktitle = {Proceedings of the 43rd International ACM SIGIR Conference on Research and Development in Information Retrieval},
pages = {39--48},
numpages = {10},
location = {Virtual Event, China},
}

@inproceedings{santhanam-etal-2022-colbertv2,
    title = "{C}ol{BERT}v2: Effective and Efficient Retrieval via Lightweight Late Interaction",
    author = "Santhanam, Keshav  and
      Khattab, Omar  and
      Saad-Falcon, Jon  and
      Potts, Christopher  and
      Zaharia, Matei",
    booktitle = "Proceedings of the 2022 Conference of the North American Chapter of the Association for Computational Linguistics: Human Language Technologies",
    month = jul,
    year = "2022",
    pages = "3715--3734",
}

@misc{Kuzi2020LeveragingSA,
	author = {Saar Kuzi and Mingyang Zhang and Cheng Li and Michael Bendersky and Marc Najork},
	archiveprefix = {arXiv},
        eprint = {2010.01195},
        primaryclass = {cs.IR},
	title = {Leveraging Semantic and Lexical Matching to Improve the Recall of Document Retrieval Systems: A Hybrid Approach},
	year = {2020}}

@misc{Wu2019EfficientIP,
	author = {Xiang Wu and Ruiqi Guo and David Simcha and Dave Dopson and Sanjiv Kumar},
	archiveprefix = {arXiv},
        eprint = {1903.08690},
        primaryclass = {cs.LG},
	title = {Efficient Inner Product Approximation in Hybrid Spaces},
	year = {2019}}

@inproceedings{Ma2020HybridFR,
	author = {Ji Ma and Ivan Korotkov and Keith Hall and Ryan T. McDonald},
	booktitle = {CLEF},
	title = {Hybrid First-stage Retrieval Models for Biomedical Literature},
	year = {2020}}

@misc{Ma2021ARS,
	author = {Xueguang Ma and Kai Sun and Ronak Pradeep and Jimmy J. Lin},
	archiveprefix = {arXiv},
        eprint = {2104.05740},
        primaryclass = {cs.IR},
	title = {A Replication Study of Dense Passage Retriever},
	year = {2021}}

@InProceedings{beyer1999nnMeaningful,
author="Beyer, Kevin
and Goldstein, Jonathan
and Ramakrishnan, Raghu
and Shaft, Uri",
title="When Is ``Nearest Neighbor'' Meaningful?",
booktitle="Database Theory",
year="1999",
pages="217--235",
}

@inproceedings{pennington-etal-2014-glove,
    title = "{G}lo{V}e: Global Vectors for Word Representation",
    author = "Pennington, Jeffrey  and
      Socher, Richard  and
      Manning, Christopher",
    booktitle = "Proceedings of the 2014 Conference on Empirical Methods in Natural Language Processing",
    month = oct,
    year = "2014",
    pages = "1532--1543",
}

@INPROCEEDINGS{deep1b,
  author={Yandex, Artem Babenko and Lempitsky, Victor},
  booktitle={2016 IEEE Conference on Computer Vision and Pattern Recognition}, 
  title={Efficient Indexing of Billion-Scale Datasets of Deep Descriptors}, 
  year={2016},
  volume={},
  number={},
  pages={2055--2063},
}

@inproceedings{tas-b,
author = {Hofst\"{a}tter, Sebastian and Lin, Sheng-Chieh and Yang, Jheng-Hong and Lin, Jimmy and Hanbury, Allan},
title = {Efficiently Teaching an Effective Dense Retriever with Balanced Topic Aware Sampling},
year = {2021},
booktitle = {Proceedings of the 44th International ACM SIGIR Conference on Research and Development in Information Retrieval},
pages = {113–122},
numpages = {10},
location = {Virtual Event, Canada},
}

@misc{wordpiece,
	author = {Wu, Yonghui and Schuster, Mike and Chen, Zhifeng and Le, Quoc V. and Norouzi, Mohammad and Macherey, Wolfgang and Krikun, Maxim and Cao, Yuan and Gao, Qin and Macherey, Klaus and Klingner, Jeff and Shah, Apurva and Johnson, Melvin and Liu, Xiaobing and Kaiser, {\L}ukasz and Gouws, Stephan and Kato, Yoshikiyo and Kudo, Taku and Kazawa, Hideto and Stevens, Keith and Kurian, George and Patil, Nishant and Wang, Wei and Young, Cliff and Smith, Jason and Riesa, Jason and Rudnick, Alex and Vinyals, Oriol and Corrado, Greg and Hughes, Macduff and Dean, Jeffrey},
	eprint = {1609.08144},
        primaryclass = {cs.CL},
        archivePrefix = {arXiv},
	title = {Google's Neural Machine Translation System: Bridging the Gap between Human and Machine Translation},
	year = {2016}
}

@article{tonellotto2018survey,
	author = {Tonellotto, Nicola and Macdonald, Craig and Ounis, Iadh},
	issue_date = {Dec 2018},
	journal = {Foundations and Trends in Information Retrieval},
	month = 12,
	number = {4--5},
	numpages = {185},
	pages = {319--500},
	title = {Efficient Query Processing for Scalable Web Search},
	volume = {12},
	year = {2018}}


@article{kdtree,
author = {Bentley, Jon Louis},
title = {Multidimensional Binary Search Trees Used for Associative Searching},
year = {1975},
issue_date = {September 1975},
volume = {18},
number = {9},
journal = {Communications of the ACM},
month = 9,
pages = {509–517},
numpages = {9},
}

@article{dasgupta2015rptrees,
author = {Dasgupta, Sanjoy and Sinha, Kaushik},
title = {Randomized Partition Trees for Nearest Neighbor Search},
year = {2015},
issue_date = {May 2015},
publisher = {Springer-Verlag},
address = {Berlin, Heidelberg},
volume = {72},
number = {1},
journal = {Algorithmica},
month = 5,
pages = {237–263},
numpages = {27},
}

@inproceedings{ram2019revisiting_kdtree,
author = {Ram, Parikshit and Sinha, Kaushik},
title = {Revisiting Kd-Tree for Nearest Neighbor Search},
year = {2019},
booktitle = {Proceedings of the 25th ACM SIGKDD International Conference on Knowledge Discovery and Data Mining},
pages = {1378--1388},
numpages = {11},
location = {Anchorage, AK, USA},
}

@inproceedings{liu2004SpillTree,
author = {Liu, Ting and Moore, Andrew W. and Gray, Alexander and Yang, Ke},
title = {An Investigation of Practical Approximate Nearest Neighbor Algorithms},
year = {2004},
booktitle = {Proceedings of the 17th International Conference on Neural Information Processing Systems},
pages = {825--832},
numpages = {8},
location = {Vancouver, British Columbia, Canada},
}

@article{freidman1977kdtree_proof,
author = {Friedman, Jerome H. and Bentley, Jon Louis and Finkel, Raphael Ari},
title = {An Algorithm for Finding Best Matches in Logarithmic Expected Time},
year = {1977},
issue_date = {September 1977},
volume = {3},
number = {3},
journal = {ACM Transactions on Mathematical Software},
month = 9,
pages = {209–226},
numpages = {18}
}

@InProceedings{panigrahy2008improved-kdtree,
author="Panigrahy, Rina",
title="An Improved Algorithm Finding Nearest Neighbor Using Kd-trees",
booktitle="LATIN 2008: Theoretical Informatics",
year="2008",
pages="387--398",
}

@inproceedings{mtrees,
author = {Ciaccia, Paolo and Patella, Marco and Zezula, Pavel},
title = {M-Tree: An Efficient Access Method for Similarity Search in Metric Spaces},
year = {1997},
booktitle = {Proceedings of the 23rd International Conference on Very Large Data Bases},
pages = {426–435},
numpages = {10},
}

@inproceedings{vptrees,
author = {Yianilos, Peter N.},
title = {Data Structures and Algorithms for Nearest Neighbor Search in General Metric Spaces},
year = {1993},
booktitle = {Proceedings of the 4th Annual ACM-SIAM Symposium on Discrete Algorithms},
pages = {311--321},
numpages = {11},
location = {Austin, Texas, USA},
}

@inproceedings{covertrees,
author = {Beygelzimer, Alina and Kakade, Sham and Langford, John},
title = {Cover Trees for Nearest Neighbor},
year = {2006},
booktitle = {Proceedings of the 23rd International Conference on Machine Learning},
pages = {97–104},
numpages = {8},
location = {Pittsburgh, Pennsylvania, USA},
}

@inproceedings{xbox-tree,
author = {Bachrach, Yoram and Finkelstein, Yehuda and Gilad-Bachrach, Ran and Katzir, Liran and Koenigstein, Noam and Nice, Nir and Paquet, Ulrich},
title = {Speeding up the Xbox Recommender System Using a Euclidean Transformation for Inner-Product Spaces},
year = {2014},
booktitle = {Proceedings of the 8th ACM Conference on Recommender Systems},
pages = {257–264},
numpages = {8},
location = {Foster City, Silicon Valley, California, USA},
}

@inproceedings{conetrees,
author = {Ram, Parikshit and Gray, Alexander G.},
title = {Maximum Inner-Product Search Using Cone Trees},
year = {2012},
booktitle = {Proceedings of the 18th ACM SIGKDD International Conference on Knowledge Discovery and Data Mining},
pages = {931–939},
numpages = {9},
location = {Beijing, China},
}

@Article{Sproull1991pcatrees,
author={Sproull, Robert F.},
title={Refinements to nearest-neighbor searching ink-dimensional trees},
journal={Algorithmica},
year={1991},
month=6,
day={01},
volume={6},
number={1},
pages={579--589},
}

@ARTICLE{pactrees,
  author={McNames, J.},
  journal={IEEE Transactions on Pattern Analysis and Machine Intelligence}, 
  title={A fast nearest-neighbor algorithm based on a principal axis search tree}, 
  year={2001},
  volume={23},
  number={9},
  pages={964--976},
}

@inproceedings{maxmargintrees,
author = {Parikshit Ram and Dongryeol Lee and Alexander G. Gray},
title = {Nearest-Neighbor Search on a Time Budget via Max-Margin Trees},
booktitle = {Proceedings of the 2012 SIAM International Conference on Data Mining},
pages = {1011--1022},
year = {2012},
}


@InProceedings{sparse-rp-trees,
  title = 	 {{Sparse Randomized Partition Trees for Nearest Neighbor Search}},
  author = 	 {Sinha, Kaushik and Keivani, Omid},
  booktitle = 	 {Proceedings of the 20th International Conference on Artificial Intelligence and Statistics},
  pages = 	 {681--689},
  year = 	 {2017},
  volume = 	 {54},
  series = 	 {Proceedings of Machine Learning Research},
  month = 	 {20--22 Apr},
}

@article{fjlt,
	author = {Ailon, Nir and Chazelle, Bernard},
	journal = {SIAM Journal on Computing},
	number = {1},
	pages = {302-322},
	title = {The Fast Johnson--Lindenstrauss Transform and Approximate Nearest Neighbors},
	volume = {39},
	year = {2009}}

@INPROCEEDINGS{lshvsrptrees,
  author={Sinha, Kaushik},
  booktitle={Proceedings of the 13th International Conference on Machine Learning and Applications}, 
  title={LSH vs Randomized Partition Trees: Which One to Use for Nearest Neighbor Search?}, 
  year={2014},
  volume={},
  number={},
  pages={41--46},
}

@inproceedings{karger2002growth-restricted-metrics,
author = {Karger, David R. and Ruhl, Matthias},
title = {Finding Nearest Neighbors in Growth-Restricted Metrics},
year = {2002},
booktitle = {Proceedings of the 34th Annual ACM Symposium on Theory of Computing},
pages = {741--750},
numpages = {10},
location = {Montreal, Quebec, Canada},
}

@inproceedings{clarkson1997,
author = {Clarkson, Kenneth L.},
title = {Nearest Neighbor Queries in Metric Spaces},
year = {1997},
booktitle = {Proceedings of the Twenty-Ninth Annual ACM Symposium on Theory of Computing},
pages = {609--617},
numpages = {9},
location = {El Paso, Texas, USA},
}

@inproceedings{krauthgamer2004navigatingnets,
author = {Krauthgamer, Robert and Lee, James R.},
title = {Navigating Nets: Simple Algorithms for Proximity Search},
year = {2004},
booktitle = {Proceedings of the 15th Annual ACM-SIAM Symposium on Discrete Algorithms},
pages = {798--807},
numpages = {10},
location = {New Orleans, Louisiana},
}

@inproceedings{elkin2023compressed-cover-trees,
author = {Elkin, Yury and Kurlin, Vitaliy},
title = {A New Near-Linear Time Algorithm for k-Nearest Neighbor Search Using a Compressed Cover Tree},
year = {2023},
booktitle = {Proceedings of the 40th International Conference on Machine Learning},
articleno = {372},
numpages = {45},
location = {Honolulu, Hawaii, USA},
}

@phdthesis{curtin2016phd,
  author       = {Ryan R. Curtin},
  title        = {Improving dual-tree algorithms},
  school       = {Georgia Institute of Technology, Atlanta, GA, {USA}},
  year         = {2016},
}

@inproceedings{elkin2022counterexamples,
author = {Y. Elkin and V. Kurlin},
booktitle = {2022 Topological Data Analysis and Visualization},
title = {Counterexamples expose gaps in the proof of time complexity for cover trees introduced in 2006},
year = {2022},
pages = {9--17},
address = {Los Alamitos, CA},
month = 10
}


@InProceedings{faster-cover-trees,
  title = 	 {Faster cover trees},
  author = 	 {Izbicki, Mike and Shelton, Christian},
  booktitle = 	 {Proceedings of the 32nd International Conference on Machine Learning},
  pages = 	 {1162--1170},
  year = 	 {2015},
  volume = 	 {37},
  series = 	 {Proceedings of Machine Learning Research},
  address = 	 {Lille, France},
  month = 	 {07--09 Jul},
}

@inproceedings{parallel-cover-trees,
author = {Gu, Yan and Napier, Zachary and Sun, Yihan and Wang, Letong},
title = {Parallel Cover Trees and Their Applications},
year = {2022},
booktitle = {Proceedings of the 34th ACM Symposium on Parallelism in Algorithms and Architectures},
pages = {259--272},
numpages = {14},
location = {Philadelphia, PA, USA},
}

@inproceedings{lsh,
author = {Indyk, Piotr and Motwani, Rajeev},
title = {Approximate Nearest Neighbors: Towards Removing the Curse of Dimensionality},
year = {1998},
booktitle = {Proceedings of the 30th Annual ACM Symposium on Theory of Computing},
pages = {604--613},
numpages = {10},
location = {Dallas, Texas, USA},
}

@inproceedings{gionis1999hashing,
author = {Gionis, Aristides and Indyk, Piotr and Motwani, Rajeev},
title = {Similarity Search in High Dimensions via Hashing},
year = {1999},
booktitle = {Proceedings of the 25th International Conference on Very Large Data Bases},
pages = {518--529},
numpages = {12},
}

@article{buhler2001lsh-comparison,
    author = {Buhler, Jeremy},
    title = "Efficient large-scale sequence comparison by locality-sensitive hashing",
    journal = {Bioinformatics},
    volume = {17},
    number = {5},
    pages = {419--428},
    year = {2001},
    month = {05},
}

@inproceedings{entropyLSH,
author = {Panigrahy, Rina},
title = {Entropy Based Nearest Neighbor Search in High Dimensions},
year = {2006},
booktitle = {Proceedings of the Seventeenth Annual ACM-SIAM Symposium on Discrete Algorithm},
pages = {1186--1195},
numpages = {10},
location = {Miami, Florida},
}

@inproceedings{multiprobeLSH,
author = {Lv, Qin and Josephson, William and Wang, Zhe and Charikar, Moses and Li, Kai},
title = {Multi-Probe LSH: Efficient Indexing for High-Dimensional Similarity Search},
year = {2007},
booktitle = {Proceedings of the 33rd International Conference on Very Large Data Bases},
pages = {950--961},
numpages = {12},
location = {Vienna, Austria},
}

@article{andoni2008near-optimal,
author = {Andoni, Alexandr and Indyk, Piotr},
title = {Near-Optimal Hashing Algorithms for Approximate Nearest Neighbor in High Dimensions},
year = {2008},
volume = {51},
number = {1},
journal = {Communications of the ACM},
month = {1},
pages = {117--122},
numpages = {6}
}

@inproceedings{andoni2014beyond,
author = {Alexandr Andoni and Piotr Indyk and Huy L. Nguyen and Ilya Razenshteyn},
title = {Beyond Locality-Sensitive Hashing},
booktitle = {Proceedings of the 2014 Annual ACM-SIAM Symposium on Discrete Algorithms},
year = 2014,
pages = {1018--1028},
}

@inproceedings{charikar2002rounding-algorithms,
author = {Charikar, Moses S.},
title = {Similarity Estimation Techniques from Rounding Algorithms},
year = {2002},
booktitle = {Proceedings of the Thiry-Fourth Annual ACM Symposium on Theory of Computing},
pages = {380--388},
numpages = {9},
location = {Montreal, Quebec, Canada},
}

@inproceedings{andoni2015cross-polytope-lsh,
author = {Andoni, Alexandr and Indyk, Piotr and Laarhoven, Thijs and Razenshteyn, Ilya and Schmidt, Ludwig},
title = {Practical and Optimal LSH for Angular Distance},
year = {2015},
booktitle = {Proceedings of the 28th International Conference on Neural Information Processing Systems - Volume 1},
pages = {1225--1233},
numpages = {9},
location = {Montreal, Canada},
}

@inproceedings{datar2004pstable-lsh,
author = {Datar, Mayur and Immorlica, Nicole and Indyk, Piotr and Mirrokni, Vahab S.},
title = {Locality-Sensitive Hashing Scheme Based on p-Stable Distributions},
year = {2004},
booktitle = {Proceedings of the 20th Annual Symposium on Computational Geometry},
pages = {253--262},
numpages = {10},
location = {Brooklyn, New York, USA},
}

@inproceedings{terasawa2007spherical-lsh,
author = {Terasawa, Kengo and Tanaka, Yuzuru},
title = {Spherical Lsh for Approximate Nearest Neighbor Search on Unit Hypersphere},
year = {2007},
booktitle = {Proceedings of the 10th International Conference on Algorithms and Data Structures},
pages = {27--38},
numpages = {12},
location = {Halifax, Canada},
}

@inproceedings{Neyshabur2015lsh-mips,
author = {Neyshabur, Behnam and Srebro, Nathan},
title = {On Symmetric and Asymmetric LSHs for Inner Product Search},
year = {2015},
booktitle = {Proceedings of the 32nd International Conference on International Conference on Machine Learning - Volume 37},
pages = {1926--1934},
numpages = {9},
location = {Lille, France},
}

@inproceedings{shrivastava2015alsh,
author = {Shrivastava, Anshumali and Li, Ping},
title = {Improved Asymmetric Locality Sensitive Hashing (ALSH) for Maximum Inner Product Search (MIPS)},
year = {2015},
booktitle = {Proceedings of the Thirty-First Conference on Uncertainty in Artificial Intelligence},
pages = {812--821},
numpages = {10},
location = {Amsterdam, Netherlands},
}

@inproceedings{shrivastava2014alsh,
author = {Shrivastava, Anshumali and Li, Ping},
title = {Asymmetric LSH (ALSH) for Sublinear Time Maximum Inner Product Search (MIPS)},
year = {2014},
booktitle = {Proceedings of the 27th International Conference on Neural Information Processing Systems - Volume 2},
pages = {2321--2329},
numpages = {9},
location = {Montreal, Canada},
}

@inproceedings{yan2018norm-ranging-lsh,
author = {Yan, Xiao and Li, Jinfeng and Dai, Xinyan and Chen, Hongzhi and Cheng, James},
title = {Norm-Ranging LSH for Maximum Inner Product Search},
year = {2018},
booktitle = {Proceedings of the 32nd International Conference on Neural Information Processing Systems},
pages = {2956--2965},
numpages = {10},
location = {Montr\'{e}al, Canada},
}

@inproceedings{diskann,
 author = {Jayaram Subramanya, Suhas and Devvrit, Fnu and Simhadri, Harsha Vardhan and Krishnawamy, Ravishankar and Kadekodi, Rohan},
 booktitle = {Advances in Neural Information Processing Systems},
 pages = {},
 title = {DiskANN: Fast Accurate Billion-point Nearest Neighbor Search on a Single Node},
 volume = {32},
 year = {2019}
}

@article{wang2021survey-graph-ann,
author = {Wang, Mengzhao and Xu, Xiaoliang and Yue, Qiang and Wang, Yuxiang},
title = {A Comprehensive Survey and Experimental Comparison of Graph-Based Approximate Nearest Neighbor Search},
year = {2021},
issue_date = {July 2021},
volume = {14},
number = {11},
journal = {Proceedings of the VLDB Endowment},
month = {jul},
pages = {1964--1978},
numpages = {15}
}

@article{li2020survey-ann,
  author={Li, Wen and Zhang, Ying and Sun, Yifang and Wang, Wei and Li, Mingjie and Zhang, Wenjie and Lin, Xuemin},
  journal={IEEE Transactions on Knowledge and Data Engineering}, 
  title={Approximate Nearest Neighbor Search on High Dimensional Data — Experiments, Analyses, and Improvement}, 
  year={2020},
  volume={32},
  number={8},
  pages={1475--1488},
}

@article{Delaunay_1934aa,
  author        = {Delaunay, B.},
  journal       = {Bulletin de l'Acad\'emie des Sciences de l'URSS. Classe des sciences math\'ematiques et na},
  number        = {6},
  pages         = {793--800},
  title         = {Sur la sph\`ere vide},
  volume        = {1934},
  year          = {1934},
}

@inbook{fortune1997voronoi,
author = {Fortune, Steven},
title = {Voronoi Diagrams and Delaunay Triangulations},
year = {1997},
booktitle = {Handbook of Discrete and Computational Geometry},
pages = {377--388},
numpages = {12},
publisher = {CRC Press, Inc.}
}

@inproceedings{edelsbrunner1992delaunay,
author = {Edelsbrunner, H. and Shah, N. R.},
title = {Incremental Topological Flipping Works for Regular Triangulations},
year = {1992},
booktitle = {Proceedings of the 8th Annual Symposium on Computational Geometry},
pages = {43--52},
numpages = {10},
location = {Berlin, Germany},
}

@article{guibas1992delaunay,
author = {Guibas, Leonidas J. and Knuth, Donald E. and Sharir, Micha},
title = {Randomized Incremental Construction of Delaunay and Voronoi Diagrams},
year = {1992},
issue_date = {Jun 1992},
volume = {7},
number = {1--6},
journal = {Algorithmica},
month = 3,
pages = {381--413},
numpages = {33},
}

@article{guibas1985voronoi,
author = {Guibas, Leonidas and Stolfi, Jorge},
title = {Primitives for the Manipulation of General Subdivisions and the Computation of Voronoi},
year = {1985},
issue_date = {April 1985},
volume = {4},
number = {2},
journal = {ACM Transactions on Graphics},
month = {04},
pages = {74--123},
numpages = {50},
}

@article{navarro2002spatial-approximateion,
author = {Navarro, Gonzalo},
title = {Searching in Metric Spaces by Spatial Approximation},
year = {2002},
issue_date = {August 2002},
volume = {11},
number = {1},
journal = {The VLDB Journal},
month = {08},
pages = {28--46},
numpages = {19},
}

@inproceedings{chavez2010knn,
author = {Ch\'{a}vez, Edgar and Tellez, Eric Sadit},
title = {Navigating K-Nearest Neighbor Graphs to Solve Nearest Neighbor Searches},
year = {2010},
booktitle = {Proceedings of the 2nd Mexican Conference on Pattern Recognition: Advances in Pattern Recognition},
pages = {270--280},
numpages = {11},
location = {Puebla, Mexico},
}

@article{Brito1997knn-graph,
title = {Connectivity of the mutual k-nearest-neighbor graph in clustering and outlier detection},
journal = {Statistics \& Probability Letters},
volume = {35},
number = {1},
pages = {33--42},
year = {1997},
author = {M.R. Brito and E.L. Chávez and A.J. Quiroz and J.E. Yukich},
}

@inproceedings{hajebi2011fast,
  title={Fast approximate nearest-neighbor search with k-nearest neighbor graph},
  author={Hajebi, Kiana and Abbasi-Yadkori, Yasin and Shahbazi, Hossein and Zhang, Hong},
  booktitle={Twenty-Second International Joint Conference on Artificial Intelligence},
  year={2011}
}

@article{chen2009fast-knngraph-construction,
author = {Chen, Jie and Fang, Haw-ren and Saad, Yousef},
title = {Fast Approximate KNN Graph Construction for High Dimensional Data via Recursive Lanczos Bisection},
year = {2009},
volume = {10},
journal = {Journal of Machine Learning Research},
month = {12},
pages = {1989--2012},
numpages = {24}
}

@article{vaidya1989knn-construction,
author = {Vaidya, Pravin M.},
title = {AnO(n Logn) Algorithm for the All-Nearest-Neighbors Problem},
year = {1989},
volume = {4},
number = {2},
journal = {Discrete and Computational Geometry},
month = {12},
pages = {101--115},
numpages = {15}
}

@ARTICLE{connor2010fast-knngraph,
  author={Connor, Michael and Kumar, Piyush},
  journal={IEEE Transactions on Visualization and Computer Graphics}, 
  title={Fast construction of k-nearest neighbor graphs for point clouds}, 
  year={2010},
  volume={16},
  number={4},
  pages={599--608},
}

@misc{fu2016efanna,
      title={EFANNA : An Extremely Fast Approximate Nearest Neighbor Search Algorithm Based on kNN Graph}, 
      author={Cong Fu and Deng Cai},
      year={2016},
      eprint={1609.07228},
      archivePrefix={arXiv},
      primaryClass={cs.CV}
}

@inproceedings{dong2011knn-graph,
author = {Dong, Wei and Moses, Charikar and Li, Kai},
title = {Efficient K-Nearest Neighbor Graph Construction for Generic Similarity Measures},
year = {2011},
booktitle = {Proceedings of the 20th International Conference on World Wide Web},
pages = {577--586},
numpages = {10},
location = {Hyderabad, India},
}

@inproceedings{morozov2018ip-nsw,
author = {Morozov, Stanislav and Babenko, Artem},
title = {Non-Metric Similarity Graphs for Maximum Inner Product Search},
year = {2018},
booktitle = {Proceedings of the 32nd International Conference on Neural Information Processing Systems},
pages = {4726--4735},
numpages = {10},
location = {Montr\'{e}al, Canada},
}

@inproceedings{Liu2019UnderstandingAI,
  title={Understanding and Improving Proximity Graph based Maximum Inner Product Search},
  author={Jie Liu and Xiao Yan and XINYAN DAI and Zhirong Li and James Cheng and Ming Yang},
  booktitle={AAAI Conference on Artificial Intelligence},
  year={2019},
}

@inproceedings{zhou2019mobius-mips,
 author = {Zhou, Zhixin and Tan, Shulong and Xu, Zhaozhuo and Li, Ping},
 booktitle = {Advances in Neural Information Processing Systems},
 title = {M\"{o}bius Transformation for Fast Inner Product Search on Graph},
 volume = {32},
 year = {2019}
}

@inproceedings{kleinberg2000sw,
author = {Kleinberg, Jon},
title = {The Small-World Phenomenon: An Algorithmic Perspective},
booktitle = {Proceedings of the 32nd Annual ACM Symposium on Theory of Computing},
pages = {163--170},
numpages = {8},
year = {2000},
location = {Portland, Oregon, USA},
}

@article{milgram_small-world_1967,
  author = {Milgram, Stanley},
  journal = {Psychology Today},
  number = 1,
  pages = {61--67},
  title = {The {Small}-{World} {Problem}},
  volume = 1,
  year = 1967
}

@article{travers1969sw,
  author = {Jeffrey Travers, Stanley Milgram},
  journal = {Sociometry},
  number = 4,
  pages = {425--443},
  title = {An Experimental Study of the Small World Problem},
  volume = 32,
  year = 1969
}

@INPROCEEDINGS{voronet2007,
  author={Beaumont, Olivier and Kermarrec, Anne-Marie and Marchal, Loris and Riviere, Etienne},
  booktitle={2007 IEEE International Parallel and Distributed Processing Symposium}, 
  title={VoroNet: A scalable object network based on Voronoi tessellations}, 
  year={2007},
  pages={1--10},
}

@InProceedings{raynet2007,
author="Beaumont, Olivier
and Kermarrec, Anne-Marie
and Rivi{\`e}re, {\'E}tienne",
title="Peer to Peer Multidimensional Overlays: Approximating Complex Structures",
booktitle="Principles of Distributed Systems",
year="2007",
pages="315--328",
}

@article{nsw2014,
title = {Approximate nearest neighbor algorithm based on navigable small world graphs},
journal = {Information Systems},
volume = {45},
pages = {61--68},
year = {2014},
author = {Yury Malkov and Alexander Ponomarenko and Andrey Logvinov and Vladimir Krylov},
}

@article{hnsw2020,
author = {Malkov, Yu A. and Yashunin, D. A.},
title = {Efficient and Robust Approximate Nearest Neighbor Search Using Hierarchical Navigable Small World Graphs},
year = {2020},
issue_date = {April 2020},
volume = {42},
number = {4},
journal = {IEEE Transactions on Pattern Analysis and Machine Intelligence},
month = {4},
pages = {824--836},
numpages = {13}
}

@ARTICLE{relativeNeighborhoodGraphs,
  author={Jaromczyk, J.W. and Toussaint, G.T.},
  journal={Proceedings of the IEEE}, 
  title={Relative neighborhood graphs and their relatives}, 
  year={1992},
  volume={80},
  number={9},
  pages={1502--1517},
}

@article{Toussaint1980rng,
title = {The relative neighbourhood graph of a finite planar set},
journal = {Pattern Recognition},
volume = {12},
number = {4},
pages = {261--268},
year = {1980},
author = {Godfried T. Toussaint},
}

@article{OROURKE1982,
title = {Computing the relative neighborhood graph in the L1 and L$\infty$ metrics},
journal = {Pattern Recognition},
volume = {15},
number = {3},
pages = {189--192},
year = {1982},
author = {Joseph O'Rourke},
}

@INPROCEEDINGS{fanng2016,
  author={Harwood, Ben and Drummond, Tom},
  booktitle={2016 IEEE Conference on Computer Vision and Pattern Recognition}, 
  title={FANNG: Fast Approximate Nearest Neighbour Graphs}, 
  year={2016},
  pages={5713--5722},
}

@article{fu2019nsg,
author = {Fu, Cong and Xiang, Chao and Wang, Changxu and Cai, Deng},
title = {Fast Approximate Nearest Neighbor Search with the Navigating Spreading-out Graph},
year = {2019},
issue_date = {January 2019},
publisher = {VLDB Endowment},
volume = {12},
number = {5},
journal = {Proceedings of the VLDB Endowment},
month = {1},
pages = {461--474},
numpages = {14}
}

@ARTICLE{fu2022nssg,
  author={Fu, Cong and Wang, Changxu and Cai, Deng},
  journal={IEEE Transactions on Pattern Analysis and Machine Intelligence}, 
  title={High Dimensional Similarity Search With Satellite System Graph: Efficiency, Scalability, and Unindexed Query Compatibility}, 
  year={2022},
  volume={44},
  number={8},
  pages={4139--4150},
}

@inproceedings{arya1993sng,
author = {Arya, Sunil and Mount, David M.},
title = {Approximate Nearest Neighbor Queries in Fixed Dimensions},
year = {1993},
booktitle = {Proceedings of the 4th Annual ACM-SIAM Symposium on Discrete Algorithms},
pages = {271--280},
numpages = {10},
location = {Austin, Texas, USA},
}

@inproceedings{indyk2023worstcase,
title={Worst-case Performance of Popular Approximate Nearest Neighbor Search Implementations: Guarantees and Limitations},
author={Piotr Indyk and Haike Xu},
booktitle={Proceedings of the 36th Conference on Neural Information Processing Systems},
year={2023},
}

@misc{auvolat2015clustering,
      title={Clustering is Efficient for Approximate Maximum Inner Product Search}, 
      author={Alex Auvolat and Sarath Chandar and Pascal Vincent and Hugo Larochelle and Yoshua Bengio},
      year={2015},
      eprint={1507.05910},
      archivePrefix={arXiv},
      primaryClass={cs.LG}
}

@ARTICLE{pq,
  author={J\'egou, Herve and Douze, Matthijs and Schmid, Cordelia},
  journal={IEEE Transactions on Pattern Analysis and Machine Intelligence}, 
  title={Product Quantization for Nearest Neighbor Search}, 
  year={2011},
  volume={33},
  number={1},
  pages={117--128},
}

@misc{bruch2023bridging,
      title={Bridging Dense and Sparse Maximum Inner Product Search}, 
      author={Sebastian Bruch and Franco Maria Nardini and Amir Ingber and Edo Liberty},
      year={2023},
      eprint={2309.09013},
      archivePrefix={arXiv},
      primaryClass={cs.IR}
}

@INPROCEEDINGS{invertedMultiIndex,
  author={Babenko, Artem and Lempitsky, Victor},
  booktitle={2012 IEEE Conference on Computer Vision and Pattern Recognition}, 
  title={The inverted multi-index}, 
  year={2012},
  volume={},
  number={},
  pages={3069--3076},
}

@inproceedings{chierichetti2007clusterPruning,
author = {Chierichetti, Flavio and Panconesi, Alessandro and Raghavan, Prabhakar and Sozio, Mauro and Tiberi, Alessandro and Upfal, Eli},
title = {Finding near Neighbors through Cluster Pruning},
year = {2007},
booktitle = {Proceedings of the Twenty-Sixth ACM SIGMOD-SIGACT-SIGART Symposium on Principles of Database Systems},
pages = {103--112},
numpages = {10},
location = {Beijing, China},
}

@ARTICLE{Gray1998Quantization,
  author={Gray, R.M. and Neuhoff, D.L.},
  journal={IEEE Transactions on Information Theory}, 
  title={Quantization}, 
  year={1998},
  volume={44},
  number={6},
  pages={2325--2383},
}

@ARTICLE{opq,
  author={Ge, Tiezheng and He, Kaiming and Ke, Qifa and Sun, Jian},
  journal={IEEE Transactions on Pattern Analysis and Machine Intelligence}, 
  title={Optimized Product Quantization}, 
  year={2014},
  volume={36},
  number={4},
  pages={744--755},
}

@inproceedings{norouzi2013ckmeans,
author = {Norouzi, Mohammad and Fleet, David J.},
title = {Cartesian K-Means},
year = {2013},
booktitle = {Proceedings of the 2013 IEEE Conference on Computer Vision and Pattern Recognition},
pages = {3017--3024},
numpages = {8},
}

@INPROCEEDINGS{locallyOptimizedPQ,
  author={Kalantidis, Yannis and Avrithis, Yannis},
  booktitle={2014 IEEE Conference on Computer Vision and Pattern Recognition}, 
  title={Locally Optimized Product Quantization for Approximate Nearest Neighbor Search}, 
  year={2014},
  volume={},
  number={},
  pages={2329--2336}
}

@ARTICLE{pqWithGPU,
  author={Johnson, Jeff and Douze, Matthijs and Jégou, Hervé},
  journal={IEEE Transactions on Big Data}, 
  title={Billion-Scale Similarity Search with GPUs}, 
  year={2021},
  volume={7},
  number={3},
  pages={535--547},
}

@inproceedings{multiscaleQuantization,
 author = {Wu, Xiang and Guo, Ruiqi and Suresh, Ananda Theertha and Kumar, Sanjiv and Holtmann-Rice, Daniel N and Simcha, David and Yu, Felix},
 booktitle = {Advances in Neural Information Processing Systems},
 pages = {},
 title = {Multiscale Quantization for Fast Similarity Search},
 volume = {30},
 year = {2017}
}

@article{Andre_2021,
   title={Quicker ADC: Unlocking the Hidden Potential of Product Quantization With SIMD},
   volume={43},
   number={5},
   journal={IEEE Transactions on Pattern Analysis and Machine Intelligence},
   publisher={Institute of Electrical and Electronics Engineers (IEEE)},
   author={Andre, Fabien and Kermarrec, Anne-Marie and Le Scouarnec, Nicolas},
   year={2021},
   month=5,
   pages={1666--1677}
}

@inproceedings{sun2023automating,
title={Automating Nearest Neighbor Search Configuration with Constrained Optimization},
author={Philip Sun and Ruiqi Guo and Sanjiv Kumar},
booktitle={Proceedings of the 11th International Conference on Learning Representations},
year={2023},
}

@ARTICLE{onlinePQ,
  author={Xu, Donna and Tsang, Ivor W. and Zhang, Ying},
  journal={IEEE Transactions on Knowledge and Data Engineering}, 
  title={Online Product Quantization}, 
  year={2018},
  volume={30},
  number={11},
  pages={2185--2198},
}

@article{pqCacheLocality,
author = {Andr\'{e}, Fabien and Kermarrec, Anne-Marie and Le Scouarnec, Nicolas},
title = {Cache Locality is Not Enough: High-Performance Nearest Neighbor Search with Product Quantization Fast Scan},
year = {2015},
issue_date = {December 2015},
publisher = {VLDB Endowment},
volume = {9},
number = {4},
journal = {Proceedings of the VLDB Endowment},
month = {12},
pages = {288--299},
numpages = {12}
}

@INPROCEEDINGS{deepPQ,
  author={Liu, Meihan and Dai, Yongxing and Bai, Yan and Duan, Ling-Yu},
  booktitle={IEEE International Conference on Acoustics, Speech and Signal Processing}, 
  title={Deep Product Quantization Module for Efficient Image Retrieval}, 
  year={2020},
  volume={},
  number={},
  pages={4382--4386},
}

@InProceedings{Yu_2018_ECCV,
author = {Yu, Tan and Yuan, Junsong and Fang, Chen and Jin, Hailin},
title = {Product Quantization Network for Fast Image Retrieval},
booktitle = {Proceedings of the European Conference on Computer Vision},
month = {September},
year = {2018}
}


@InProceedings{chen2020DifferentiablePQ,
  title = 	 {Differentiable Product Quantization for End-to-End Embedding Compression},
  author =       {Chen, Ting and Li, Lala and Sun, Yizhou},
  booktitle = 	 {Proceedings of the 37th International Conference on Machine Learning},
  pages = 	 {1617--1626},
  year = 	 {2020},
  volume = 	 {119},
  series = 	 {Proceedings of Machine Learning Research},
  month = 	 {7},
}

@InProceedings{Jang_2021_ICCV,
    author    = {Jang, Young Kyun and Cho, Nam Ik},
    title     = {Self-Supervised Product Quantization for Deep Unsupervised Image Retrieval},
    booktitle = {Proceedings of the IEEE/CVF International Conference on Computer Vision},
    month     = {October},
    year      = {2021},
    pages     = {12085--12094}
}

@InProceedings{Klein_2019_CVPR,
author = {Klein, Benjamin and Wolf, Lior},
title = {End-To-End Supervised Product Quantization for Image Search and Retrieval},
booktitle = {Proceedings of the IEEE/CVF Conference on Computer Vision and Pattern Recognition},
month = {6},
year = {2019}
}

@inproceedings{lu2023differeitableOPQ,
author = {Lu, Zepu and Lian, Defu and Zhang, Jin and Zhang, Zaixi and Feng, Chao and Wang, Hao and Chen, Enhong},
title = {Differentiable Optimized Product Quantization and Beyond},
year = {2023},
booktitle = {Proceedings of the ACM Web Conference 2023},
pages = {3353--3363},
numpages = {11},
location = {Austin, TX, USA},
}

@inproceedings{msturingDataset,
author = {Zhang, Hongfei and Song, Xia and Xiong, Chenyan and Rosset, Corby and Bennett, Paul N. and Craswell, Nick and Tiwary, Saurabh},
title = {Generic Intent Representation in Web Search},
year = {2019},
booktitle = {Proceedings of the 42nd International ACM SIGIR Conference on Research and Development in Information Retrieval},
pages = {65--74},
numpages = {10},
location = {Paris, France},
}

@article{Lowe2004DistinctiveIF,
  title={Distinctive Image Features from Scale-Invariant Keypoints},
  author={David G. Lowe},
  journal={International Journal of Computer Vision},
  year={2004},
  volume={60},
  pages={91--110},
}

@article{Oliva2001ModelingTS,
  title={Modeling the Shape of the Scene: A Holistic Representation of the Spatial Envelope},
  author={Aude Oliva and Antonio Torralba},
  journal={International Journal of Computer Vision},
  year={2001},
  volume={42},
  pages={145--175},
}

@INPROCEEDINGS{additiveQuantization,
  author={Babenko, Artem and Lempitsky, Victor},
  booktitle={2014 IEEE Conference on Computer Vision and Pattern Recognition}, 
  title={Additive Quantization for Extreme Vector Compression}, 
  year={2014},
  volume={},
  number={},
  pages={931--938},
}

@article{Matsui2018PQSurvey,
  title={A Survey of Product Quantization},
  author={Yusuke Matsui and Yusuke Uchida and Herv\'e J\'egou and Shin'ichi Satoh},
  journal={ITE Transactions on Media Technology and Applications},
  volume={6},
  number={1},
  pages={2--10},
  year={2018},
}

@ARTICLE{compositeQuantization,
  author={Wang, Jingdong and Zhang, Ting},
  journal={IEEE Transactions on Pattern Analysis and Machine Intelligence}, 
  title={Composite Quantization}, 
  year={2019},
  volume={41},
  number={6},
  pages={1308--1322},
}

@article{Niu2023RVPQ,
author = {Niu, Lushuai and Xu, Zhi and Zhao, Longyang and He, Daojing and Ji, Jianqiu and Yuan, Xiaoli and Xue, Mian},
title = {Residual Vector Product Quantization for Approximate Nearest Neighbor Search},
year = {2023},
issue_date = {Dec 2023},
volume = {232},
number = {C},
journal = {Expert Systems with Applications},
month = {12},
numpages = {11},
}

@article{chen2010approximate,
  title={Approximate nearest neighbor search by residual vector quantization},
  author={Chen, Yongjian and Guan, Tao and Wang, Cheng},
  journal={Sensors},
  volume={10},
  number={12},
  pages={11259--11273},
  year={2010},
}

@misc{liu2015improvedRVQ,
      title={Improved Residual Vector Quantization for High-dimensional Approximate Nearest Neighbor Search}, 
      author={Shicong Liu and Hongtao Lu and Junru Shao},
      year={2015},
      eprint={1509.05195},
      archivePrefix={arXiv},
      primaryClass={cs.CV}
}

@ARTICLE{Ozan2016CompetitiveQuantization,
  author={Ozan, Ezgi Can and Kiranyaz, Serkan and Gabbouj, Moncef},
  journal={IEEE Transactions on Knowledge and Data Engineering}, 
  title={Competitive Quantization for Approximate Nearest Neighbor Search}, 
  year={2016},
  volume={28},
  number={11},
  pages={2884--2894},
}

@misc{krishnan2021projective,
      title={Projective Clustering Product Quantization}, 
      author={Aditya Krishnan and Edo Liberty},
      year={2021},
      eprint={2112.02179},
      archivePrefix={arXiv},
      primaryClass={cs.DS}
}


@InProceedings{guo2016Quip,
  title = 	 {Quantization based Fast Inner Product Search},
  author = 	 {Guo, Ruiqi and Kumar, Sanjiv and Choromanski, Krzysztof and Simcha, David},
  booktitle = 	 {Proceedings of the 19th International Conference on Artificial Intelligence and Statistics},
  pages = 	 {482--490},
  year = 	 {2016},
  volume = 	 {51},
  series = 	 {Proceedings of Machine Learning Research},
  address = 	 {Cadiz, Spain},
  month = 	 {5},
}

@inproceedings{scann,
author = {Guo, Ruiqi and Sun, Philip and Lindgren, Erik and Geng, Quan and Simcha, David and Chern, Felix and Kumar, Sanjiv},
title = {Accelerating Large-Scale Inference with Anisotropic Vector Quantization},
year = {2020},
booktitle = {Proceedings of the 37th International Conference on Machine Learning},
articleno = {364},
numpages = {10},
}

@article{Zhang_Liu_Lian_Liu_Wu_Chen_2022,
title={Anisotropic Additive Quantization for Fast Inner Product Search},
volume={36},
number={4},
journal={Proceedings of the AAAI Conference on Artificial Intelligence},
author={Zhang, Jin and Liu, Qi and Lian, Defu and Liu, Zheng and Wu, Le and Chen, Enhong},
year={2022},
month={6},
pages={4354--4362}
}

@inproceedings{queryAwareQuantization,
author = {Zhang, Jin and Lian, Defu and Zhang, Haodi and Wang, Baoyun and Chen, Enhong},
title = {Query-Aware Quantization for Maximum Inner Product Search},
year = {2023},
booktitle = {Proceedings of the 37th AAAI Conference on Artificial Intelligence},
articleno = {544},
numpages = {9},
}

@inproceedings{Lorenzen2021wedgeSampling,
  title     = {Revisiting Wedge Sampling for Budgeted Maximum Inner Product Search},
  author    = {Lorenzen, Stephan S. and Pham, Ninh},
  booktitle = {Proceedings of the 30th International Joint Conference on
               Artificial Intelligence},
  pages     = {4789--4793},
  year      = {2021},
  month     = {8},
}

@INPROCEEDINGS{ballard2015diamondSampling,
  author={Ballard, Grey and Kolda, Tamara G. and Pinar, Ali and Seshadhri, C.},
  booktitle={2015 IEEE International Conference on Data Mining}, 
  title={Diamond Sampling for Approximate Maximum All-Pairs Dot-Product (MAD) Search}, 
  year={2015},
  volume={},
  number={},
  pages={11--20},
}

@inproceedings{cohen1997wedgeSampling,
author = {Cohen, Edith and Lewis, David D.},
title = {Approximating Matrix Multiplication for Pattern Recognition Tasks},
year = {1997},
booktitle = {Proceedings of the Eighth Annual ACM-SIAM Symposium on Discrete Algorithms},
pages = {682--691},
numpages = {10},
location = {New Orleans, Louisiana, USA},
}


@InProceedings{pmlr-v89-ding19a,
  title = 	 {A Fast Sampling Algorithm for Maximum Inner Product Search},
  author =       {Ding, Qin and Yu, Hsiang-Fu and Hsieh, Cho-Jui},
  booktitle = 	 {Proceedings of the 22nd International Conference on Artificial Intelligence and Statistics},
  pages = 	 {3004--3012},
  year = 	 {2019},
  editor = 	 {Chaudhuri, Kamalika and Sugiyama, Masashi},
  volume = 	 {89},
  series = 	 {Proceedings of Machine Learning Research},
  month = 	 {4},
}

@article{Walker1977theAliasMethod,
author = {Walker, Alastair J.},
title = {An Efficient Method for Generating Discrete Random Variables with General Distributions},
year = {1977},
volume = {3},
number = {3},
journal = {ACM Transactions on Mathematical Software},
month = {9},
pages = {253--256},
numpages = {4}
}

@inproceedings{Liu2019banditMIPS,
author = {Liu, Rui and Wu, Tianyi and Mozafari, Barzan},
title = {A Bandit Approach to Maximum Inner Product Search},
year = {2019},
booktitle = {Proceedings of the 33rd AAAI Conference on Artificial Intelligence},
articleno = {537},
numpages = {8},
location = {Honolulu, Hawaii, USA},
}

@book{lattimore2020BanditAlgorithms,
  author = {Lattimore, Tor. and Szepesv{\'a}ri, Csaba},
  title = {Bandit Algorithms},
  publisher = {Cambridge University Press},
  year = {2020},
}

@article{remi2015concentrationInequality,
author = {R{\'e}mi Bardenet and Odalric-Ambrym Maillard},
title = {{Concentration inequalities for sampling without replacement}},
volume = {21},
journal = {Bernoulli},
number = {3},
pages = {1361--1385},
year = {2015},
}

@book{ma2012manifold,
  title={Manifold Learning Theory and Applications},
  author={Ma, Yunqian and Fu, Yun},
  year={2012},
  publisher={CRC Press}
}

@INPROCEEDINGS{gupta2003doublingDimension,
  author={Gupta, A. and Krauthgamer, R. and Lee, J.R.},
  booktitle={44th Annual IEEE Symposium on Foundations of Computer Science}, 
  title={Bounded geometries, fractals, and low-distortion embeddings}, 
  year={2003},
  volume={},
  number={},
  pages={534--543},
}

@article{Assouad1983,
author = {Assouad, Patrice},
journal = {Bulletin de la Soci\'et\'e Math\'ematique de France},
language = {fre},
pages = {429--448},
publisher = {Soci\'et\'e math\'ematique de France},
title = {Plongements lipschitziens dans $\mathbb{R}^n$},
volume = {111},
year = {1983},
}

@misc{singh2021freshdiskann,
      title={FreshDiskANN: A Fast and Accurate Graph-Based ANN Index for Streaming Similarity Search}, 
      author={Aditi Singh and Suhas Jayaram Subramanya and Ravishankar Krishnaswamy and Harsha Vardhan Simhadri},
      year={2021},
      eprint={2105.09613},
      archivePrefix={arXiv},
      primaryClass={cs.IR}
}

@inproceedings{filtered-diskann2023,
author = {Gollapudi, Siddharth and Karia, Neel and Sivashankar, Varun and Krishnaswamy, Ravishankar and Begwani, Nikit and Raz, Swapnil and Lin, Yiyong and Zhang, Yin and Mahapatro, Neelam and Srinivasan, Premkumar and Singh, Amit and Simhadri, Harsha Vardhan},
title = {Filtered-DiskANN: Graph Algorithms for Approximate Nearest Neighbor Search with Filters},
year = {2023},
booktitle = {Proceedings of the ACM Web Conference 2023},
pages = {3406--3416},
numpages = {11},
location = {Austin, TX, USA},
}

@inproceedings{kmeansplusplus_2007,
author = {Arthur, David and Vassilvitskii, Sergei},
title = {K-Means++: The Advantages of Careful Seeding},
year = {2007},
booktitle = {Proceedings of the Eighteenth Annual ACM-SIAM Symposium on Discrete Algorithms},
pages = {1027--1035},
numpages = {9},
location = {New Orleans, Louisiana},
}

@article{bruch2023fntir,
year = {2023},
volume = {17},
journal = {Foundations and Trends in Information Retrieval},
title = {Efficient and Effective Tree-based and Neural Learning to Rank},
number = {1},
pages = {1--123},
author = {Sebastian Bruch and Claudio Lucchese and Franco Maria Nardini}
}

@article{kmeanslsh,
title = {Locality sensitive hashing: A comparison of hash function types and querying mechanisms},
journal = {Pattern Recognition Letters},
volume = {31},
number = {11},
pages = {1348--1358},
year = {2010},
author = {Lo\"ic Paulev\'e and Herv\'e J\'egou and Laurent Amsaleg},
}

@article{woodruff2014sketching,
    author = {Woodruff, David P.},
    title = {Sketching as a Tool for Numerical Linear Algebra},
    year = {2014},
    issue_date = {October 2014},
    volume = {10},
    number = {1–2},
    issn = {1551-305X},
    journal = {Foundations and Trends in Theoretical Computer Science},
    month = {Oct},
    pages = {1–157},
    numpages = {157}
}


@article{baraniuk2006cs,
author = {Baraniuk, Richard and Davenport, M and DeVore, Ronald and Wakin, M},
year = {2006},
month = {01},
pages = {1289-1306},
title = {The Johnson-Lindenstrauss lemma meets Compressed Sensing},
volume = {52},
journal = {IEEE Transactions on Information Theory}
}

@article{JLLemma1984ExtensionsOL,
  title={Extensions of Lipschitz mappings into Hilbert space},
  author={Johnson, William B. and Lindenstrauss, Joram},
  journal={Contemporary Mathematics},
  year={1984},
  volume={26},
  pages={189-206}
}

@misc{daliri2023sampling,
      title={Sampling Methods for Inner Product Sketching}, 
      author={Majid Daliri and Juliana Freire and Christopher Musco and Aécio Santos and Haoxiang Zhang},
      year={2023},
      eprint={2309.16157},
      archivePrefix={arXiv},
      primaryClass={cs.DB}
}

@article{bruch2023sinnamon,
	author = {Bruch, Sebastian and Nardini, Franco Maria and Ingber, Amir and Liberty, Edo},
	title = {An Approximate Algorithm for Maximum Inner Product Search over Streaming Sparse Vectors},
	year = {2023},
	issue_date = {March 2024},
	volume = {42},
	number = {2},
	journal = {ACM Transactions on Information Systems},
	month = {nov},
	articleno = {42},
	numpages = {43},
}

@article{bloom-filter,
	author = {Bloom, Burton H.},
	issue_date = {July 1970},
	journal = {Commun. ACM},
	month = {jul},
	number = {7},
	numpages = {5},
	pages = {422--426},
	title = {Space/Time Trade-Offs in Hash Coding with Allowable Errors},
	volume = {13},
	year = {1970}}

% END