@article{Hummer2016,
  author =       "D. H{\"u}mmer and E. Mart\'{\i}n-Mart\'{\i}nez and A. Kempf",
  title =        "{Renormalized Unruh-DeWitt particle detector models for boson and fermion fields}",
  journal =      "Phys. Rev. D",
  volume =       "93",
  pages =        "024019",
  year =         "2016",
  DOI =          "https://doi.org/10.1103/PhysRevD.93.024019"
}

@article{Louko_2008,
	doi = {10.1088/0264-9381/25/5/055012},
	url = {https://doi.org/10.1088%2F0264-9381%2F25%2F5%2F055012},
	year = 2008,
	month = {feb},
	publisher = {{IOP} Publishing},
	volume = {25},
	number = {5},
	pages = {055012},
	author = {Jorma Louko and Alejandro Satz},
	title = "{Transition rate of the Unruh{\textendash}{DeWitt} detector in curved spacetime}",
	journal = {Class. Quantum Gravity},
	abstract = {We examine the Unruh–DeWitt particle detector coupled to a scalar field in an arbitrary Hadamard state in four-dimensional curved spacetime. Using smooth switching functions to turn on and off the interaction, we obtain a regulator-free integral formula for the total excitation probability, and we show that an instantaneous transition rate can be recovered in a suitable limit. Previous results in Minkowski space are recovered as a special case. As applications, we consider an inertial detector in the Rindler vacuum and a detector at rest in a static Newtonian gravitational field. Gravitational corrections to decay rates in atomic physics laboratory experiments on the surface of the Earth are estimated to be suppressed by 42 orders of magnitude.}
}

@article{Wightman1956VEV,
  title = {Quantum Field Theory in Terms of Vacuum Expectation Values},
  author = {Wightman, A. S.},
  journal = {Phys. Rev.},
  volume = {101},
  issue = {2},
  pages = {860--866},
  numpages = {0},
  year = {1956},
  month = {Jan},
  publisher = {American Physical Society},
  doi = {10.1103/PhysRev.101.860},
  url = {https://link.aps.org/doi/10.1103/PhysRev.101.860}
}


@article{Mandel1985parametric,
  title = {Theory of parametric frequency down conversion of light},
  author = {Hong, C. K. and Mandel, L.},
  journal = {Phys. Rev. A},
  volume = {31},
  issue = {4},
  pages = {2409--2418},
  numpages = {0},
  year = {1985},
  month = {Apr},
  publisher = {American Physical Society},
  doi = {10.1103/PhysRevA.31.2409},
  url = {https://link.aps.org/doi/10.1103/PhysRevA.31.2409}
} 


@article{Kleinman1962secondharmonic,
  title = {Theory of Second Harmonic Generation of Light},
  author = {Kleinman, D. A.},
  journal = {Phys. Rev.},
  volume = {128},
  issue = {4},
  pages = {1761--1775},
  numpages = {0},
  year = {1962},
  month = {Nov},
  publisher = {American Physical Society},
  doi = {10.1103/PhysRev.128.1761},
  url = {https://link.aps.org/doi/10.1103/PhysRev.128.1761}
}


@book{shen2003principles,
  title={The Principles of Nonlinear Optics},
  author={Shen, Y.R.},
  isbn={9780471430803},
  lccn={2003265395},
  series={Wiley classics library},
  url={https://books.google.ca/books?id=xeg9AQAAIAAJ},
  year={2003},
  publisher={Wiley}
}


@book{boyd2008nonlinear,
  title={Nonlinear Optics},
  author={Boyd, R.W. and Prato, D.},
  isbn={9780080485966},
  lccn={2008271820},
  url={https://books.google.ca/books?id=uoRUi1Yb7ooC},
  year={2008},
  publisher={Elsevier Science}
}


@article{Satz_2007,
	doi = {10.1088/0264-9381/24/7/003},
	url = {https://doi.org/10.1088%2F0264-9381%2F24%2F7%2F003},
	year = 2007,
	month = {mar},
	publisher = {{IOP} Publishing},
	volume = {24},
	number = {7},
	pages = {1719--1731},
	author = {Alejandro Satz},
	title = "{Then again, how often does the Unruh{\textendash}{DeWitt} detector click if we switch it carefully?}",
	journal = {Class. Quantum Gravity},
	abstract = {The transition probability in the first-order perturbation theory for an Unruh–DeWitt detector coupled to a massless scalar field in Minkowski space is calculated. It has been shown recently that the conventional iϵ regularization prescription for the correlation function leads to non-Lorentz invariant results for the transition rate, and a different regularization, involving spatial smearing of the field, has been advocated to replace it. We show that the non-Lorentz invariance arises solely from the assumption of sudden switch-on and switch-off of the detector, and that when the model includes a smooth switching function the results from the conventional regularization are both finite and Lorentz invariant. The sharp switching limit of the model is also discussed, as well as the fall-off properties of the spectrum for large frequencies.}
}

@article{Funai2019FTL,
  title = {Faster-than-light signaling in the rotating-wave approximation},
  author = {Funai, Nicholas and Mart\'{\i}n-Mart\'{\i}nez, Eduardo},
  journal = {Phys. Rev. D},
  volume = {100},
  issue = {6},
  pages = {065021},
  numpages = {22},
  year = {2019},
  month = {Sep},
  publisher = {American Physical Society},
  doi = {10.1103/PhysRevD.100.065021},
  url = {https://link.aps.org/doi/10.1103/PhysRevD.100.065021}
}


@article{EMM2013wavepacket,
  title = "{Wavepacket detection with the Unruh-DeWitt model}",
  author = {Mart\'{\i}n-Mart\'{\i}nez, Eduardo and Montero, Miguel and del Rey, Marco},
  journal = {Phys. Rev. D},
  volume = {87},
  issue = {6},
  pages = {064038},
  numpages = {8},
  year = {2013},
  month = {Mar},
  publisher = {American Physical Society},
  doi = {10.1103/PhysRevD.87.064038},
  url = {https://link.aps.org/doi/10.1103/PhysRevD.87.064038}
}


@article{Louko_2006,
	doi = {10.1088/0264-9381/23/22/015},
	url = {https://doi.org/10.1088%2F0264-9381%2F23%2F22%2F015},
	year = 2006,
	month = {oct},
	publisher = {{IOP} Publishing},
	volume = {23},
	number = {22},
	pages = {6321--6343},
	author = {Jorma Louko and Alejandro Satz},
	title = "{How often does the Unruh{\textendash}{DeWitt} detector click? Regularization by a spatial profile}",
	journal = {Class. Quantum Gravity},
	abstract = {We analyse within first-order perturbation theory the instantaneous transition rate of an accelerated Unruh–DeWitt particle detector whose coupling to a massless scalar field on four-dimensional Minkowski space is regularized by a spatial profile. For the Lorentzian profile introduced by Schlicht, the zero-size limit is computed explicitly and expressed as a manifestly finite integral formula that no longer involves regulators or limits. The same transition rate is obtained for an arbitrary profile of compact support under a modified definition of spatial smearing. Consequences for the asymptotic behaviour of the transition rate are discussed. A number of stationary and nonstationary trajectories are analysed, recovering in particular the Planckian spectrum for uniform acceleration.}
}

@article{Holm:85,
author = {David A. Holm and Murray Sargent},
journal = {Opt. Lett.},
keywords = {Elastic scattering; Emission; Photons; Rayleigh scattering; Resonance fluorescence; Spontaneous emission},
number = {8},
pages = {405--407},
publisher = {OSA},
title = {Theory of two-photon resonance fluorescence},
volume = {10},
month = {Aug},
year = {1985},
url = {http://ol.osa.org/abstract.cfm?URI=ol-10-8-405},
doi = {10.1364/OL.10.000405}
}




@misc{NIST:DLMF,
         key = "{\relax DLMF}",
       title = "{\it NIST Digital Library of Mathematical Functions}",
howpublished = "http://dlmf.nist.gov/, Release 1.0.25 of 2019-12-15",
         url = "http://dlmf.nist.gov/",
        note = "F.~W.~J. Olver, A.~B. {Olde Daalhuis}, D.~W. Lozier, B.~I. Schneider,
                R.~F. Boisvert, C.~W. Clark, B.~R. Miller, B.~V. Saunders,
                H.~S. Cohl, and M.~A. McClain, eds."}


@inproceedings{Benny:11,
author = {Y. Benny and Y. Kodriano and E. Poem and S. Khatsevitch and D. Gershoni},
booktitle = {CLEO:2011 - Laser Applications to Photonic Applications},
journal = {CLEO:2011 - Laser Applications to Photonic Applications},
keywords = {Ultrafast spectroscopy; Quantum information and processing ; Absorption spectroscopy; Laser beams; Laser sources; Quantum dots; Quantum information processing; Time resolved spectroscopy},
pages = {QMH6},
publisher = {Optical Society of America},
title = {Two-photon resonance spectroscopy of single quantum-dots},
year = {2011},
url = {http://www.osapublishing.org/abstract.cfm?URI=QELS-2011-QMH6},
doi = {10.1364/QELS.2011.QMH6}
}


@book{tkachenko2006optical,
  title={Optical Spectroscopy: Methods and Instrumentations},
  author={Tkachenko, N.V.},
  isbn={9780080461724},
  url={https://books.google.com.sg/books?id=rBepb6daR9MC},
  year={2006},
  publisher={Elsevier Science}
}

@article{takatsuji1975twophoton,
  title = {Theory of coherent two-photon resonance},
  author = {Takatsuji, M.},
  journal = {Phys. Rev. A},
  volume = {11},
  issue = {2},
  pages = {619--624},
  numpages = {0},
  year = {1975},
  month = {Feb},
  publisher = {American Physical Society},
  doi = {10.1103/PhysRevA.11.619},
  url = {https://link.aps.org/doi/10.1103/PhysRevA.11.619}
}


@article{Allison:2018multi,
  author="{Allison M. Sachs, and Robert B. Mann, and Eduardo Mart\'in-Mart\'inez}",
  title="{Entanglement harvesting from multiple massless scalar fields and divergences in Unruh-DeWitt detector models}",
  journal={arXiv:1808.05980},
  year={2018},
  url={https://arxiv.org/abs/1808.05980}
}

@article{Iyer1980dirac,
  author={B R Iyer and A Kumar},
  title="{Detection of Dirac quanta in Rindler and black hole space-times and the $\xi$ quantisation scheme}",
  journal={J. Phys. A: Math. Theor. },
  volume={13},
  number={2},
  pages={469},
  url={http://stacks.iop.org/0305-4470/13/i=2/a=015},
  year={1980}
}

@article{Jorma2016fermionic,
  title = {Unruh-DeWitt detector's response to fermions in flat spacetimes},
  author = {Louko, Jorma and Toussaint, Vladimir},
  journal = {Phys. Rev. D},
  volume = {94},
  issue = {6},
  pages = {064027},
  numpages = {17},
  year = {2016},
  month = {Sep},
  publisher = {American Physical Society},
  doi = {10.1103/PhysRevD.94.064027},
  url = {https://link.aps.org/doi/10.1103/PhysRevD.94.064027}
}


@article{Dowker2011UselessQ,
    author = { Fay Dowker },
    title = { Useless Qubits in "Relativistic Quantum Information" },
    journal =  {arXiv:1111.2308v1},
    year = {2011},
    url = {http://arxiv.org/abs/1111.2308},
}



@Article{Wallraff2004superconducting,
  author    = {A. Wallraff and D. I. Schuster and A. Blais and L. Frunzio and R.- S. Huang and J. Majer and S. Kumar and S. M. Girvin and R. J. Schoelkopf},
  title     = {Strong coupling of a single photon to a superconducting qubit using circuit quantum electrodynamics},
  journal   = {Nature},
  year      = {2004},
  volume    = {431},
  number    = {7005},
  pages     = {162--167},
  month     = {sep},
  doi       = {10.1038/nature02851},
  publisher = {Springer Nature},
}

@book{Scully1997book,
	Author = {Scully, M. M. O. and Zubairy, M. S.},
	Date-Added = {2013-09-09 22:01:00 +0000},
	Date-Modified = {2013-09-09 22:01:00 +0000},
	Isbn = {9780521434584},
	Lccn = {94042949},
	Owner = {wilson},
	Publisher = {Cambridge University Press},
	Timestamp = {2013.06.10},
	Title = {Quantum Optics},
	Url = {http://books.google.ca/books?id=UtdfQgAACAAJ},
	Year = {1997},
	Bdsk-Url-1 = {http://books.google.ca/books?id=UtdfQgAACAAJ}}

@article{summers1985bell,
title = "The vacuum violates Bell's inequalities",
journal = "Physics Letters A",
volume = "110",
number = "5",
pages = "257 - 259",
year = "1985",
issn = "0375-9601",
doi = "https://doi.org/10.1016/0375-9601(85)90093-3",
url = "http://www.sciencedirect.com/science/article/pii/0375960185900933",
author = "Stephen J. Summers and Reinhard Werner"
}

@article{Valentini1991nonlocalcorr,
title = "Non-local correlations in quantum electrodynamics",
journal = "Physics Letters A",
volume = "153",
number = "6",
pages = "321 - 325",
year = "1991",
issn = "0375-9601",
doi = "https://doi.org/10.1016/0375-9601(91)90952-5",
url = "http://www.sciencedirect.com/science/article/pii/0375960191909525",
author = "Antony Valentini"
}

@article{Allison2017a,
  author =       "Allison Sachs and Robert B. Mann and E. Mart\'{\i}n-Mart\'{\i}nez",
  title =        "{Entanglement harvesting and divergences in quadratic Unruh-DeWitt detectors pairs}",
  journal =      "Phys. Rev. D",
  volume =       "96",
  pages =        "085012",
  year =         "2017",
  DOI =          "https://doi.org/10.1103/PhysRevD.96.085012"
}

@article{Pozas2016,
  title = {Entanglement harvesting from the electromagnetic vacuum with hydrogenlike atoms},
  author = {Pozas-Kerstjens, Alejandro and Mart\'{\i}n-Mart\'{\i}nez, Eduardo},
  journal = {Phys. Rev. D},
  volume = {94},
  issue = {6},
  pages = {064074},
  numpages = {27},
  year = {2016},
  month = {Sep},
  publisher = {American Physical Society},
  doi = {10.1103/PhysRevD.94.064074},
  url = {https://link.aps.org/doi/10.1103/PhysRevD.94.064074}
}

@article{Bessa2012,
  author="{C. H. G. B\'essa, and J. G. Duenas, and N. F. Svaiter}",
  title="{Accelerated detectors in Dirac vacuum: the effects of horizon fluctuations}",
  journal={Class. Quantum Gravity},
  volume={29},
  number={21},
  pages={215011},
  url={http://stacks.iop.org/0264-9381/29/i=21/a=215011},
  year={2012}
}

@article{Takagi1985detector,
author = {Takagi, Shin},
title = "{On the Response of a Rindler Particle Detector. III}",
journal = {Progr. of Theor. Phys.},
volume = {74},
number = {3},
pages = {501-510},
year = {1985},
doi = {10.1143/PTP.74.501},
URL = {http://dx.doi.org/10.1143/PTP.74.501}
}

  	
@article{Hinton1984a,
  author={K J Hinton},
  title={Particle detector equivalence},
  journal={Class. Quantum Gravity},
  volume={1},
  number={1},
  pages={27},
  url={http://stacks.iop.org/0264-9381/1/i=1/a=006},
  year={1984}
}
	

@book{birrell1984quantum,
	Author = {Birrell, N.D. and Birrell, N.D. and Davies, P.C.W.},
	Isbn = {9780521278584},
	Lccn = {86707777},
	Publisher = {Cambridge University Press},
	Series = {Cambridge Monographs on Mathematical Physics},
	Title = {Quantum Fields in Curved Space},
	Url = {https://books.google.ca/books?id=SEnaUnrqzrUC},
	Year = {1984},
	Bdsk-Url-1 = {https://books.google.ca/books?id=SEnaUnrqzrUC}}
	

@article{Page2012deSitter,
  author={Don N. Page and Xing Wu},
  title={Massless scalar field vacuum in de Sitter spacetime},
  journal={Journal of Cosmology and Astroparticle Physics},
  volume={2012},
  number={11},
  pages={051},
  url={http://stacks.iop.org/1475-7516/2012/i=11/a=051},
  year={2012}
}

@Article{Bros2010,
author="Bros, Jacques
and Epstein, Henri
and Moschella, Ugo",
title="Scalar Tachyons in the de Sitter Universe",
journal="Letters in Mathematical Physics",
year="2010",
month="Aug",
day="01",
volume="93",
number="2",
pages="203--211",
doi="10.1007/s11005-010-0406-4",
url="https://doi.org/10.1007/s11005-010-0406-4"
}

@article{Unruh1979evaporation,
  title = {Notes on black-hole evaporation},
  author = {Unruh, W. G.},
  journal = {Phys. Rev. D},
  volume = {14},
  issue = {4},
  pages = {870--892},
  numpages = {0},
  year = {1976},
  month = {Aug},
  publisher = {American Physical Society},
  doi = {10.1103/PhysRevD.14.870},
  url = {https://link.aps.org/doi/10.1103/PhysRevD.14.870}
}

@article{HaagKastler1964algebraic,
author = {Haag, Rudolf and Kastler,Daniel },
title = {An Algebraic Approach to Quantum Field Theory},
journal = {Journal of Mathematical Physics},
volume = {5},
number = {7},
pages = {848-861},
year = {1964},
doi = {10.1063/1.1704187},
URL = {https://doi.org/10.1063/1.1704187}
}

@article{Hu2012review,
  author={B. L. Hu, and Shih-Yuin Lin, and Jorma Louko},
  title={Relativistic quantum information in detectors–field interactions},
  journal={Classical and Quantum Gravity},
  volume={29},
  number={22},
  pages={224005},
  url={http://stacks.iop.org/0264-9381/29/i=22/a=224005},
  year={2012}
}
	

@article{Lin2014projective,
title = "Notes on nonlocal projective measurements in relativistic systems",
journal = "Ann. Phys. (N. Y.)",
volume = "351",
pages = "773 - 786",
year = "2014",
issn = "0003-4916",
doi = "https://doi.org/10.1016/j.aop.2014.08.018",
url = "http://www.sciencedirect.com/science/article/pii/S0003491614002541",
author = "Shih-Yuin Lin",
keywords = "Relativistic quantum information, Quantum measurement, Nonequilibrium quantum field theory"
}

@article{Takagi1986noise,
author = {Takagi, Shin},
title = "{Vacuum Noise and Stress Induced by Uniform Acceleration Hawking-Unruh Effect in Rindler Manifold of Arbitrary Dimension}",
journal = {Progr. of Theor. Phys. Suppl.},
volume = {88},
number = {},
pages = {1-142},
year = {1986},
doi = {10.1143/PTP.88.1},
URL = {http://dx.doi.org/10.1143/PTP.88.1}
}

@article{Jonsson2014cavityQED,
  title = {Quantum signaling in cavity QED},
  author = {Jonsson, Robert H. and Mart\'{\i}n-Mart\'{\i}nez, Eduardo and Kempf, Achim},
  journal = {Phys. Rev. A},
  volume = {89},
  issue = {2},
  pages = {022330},
  numpages = {14},
  year = {2014},
  month = {Feb},
  publisher = {American Physical Society},
  doi = {10.1103/PhysRevA.89.022330},
  url = {https://link.aps.org/doi/10.1103/PhysRevA.89.022330}
}


@article{Sonego1992huygens,
author = {Sonego, S.,  and Faraoni, V. },
title = {Huygens’ principle and characteristic propagation property for waves in curved space‐times},
journal = {Journal of Mathematical Physics},
volume = {33},
number = {2},
pages = {625-632},
year = {1992},
doi = {10.1063/1.529798},
URL = {https://doi.org/10.1063/1.529798}
}

@article{Valerio1999tails,
author = {Faraoni, Valerio, and Gunzig, Edgard},
title = {TALES OF TAILS IN COSMOLOGY},
journal = {International Journal of Modern Physics D},
volume = {08},
number = {02},
pages = {177-188},
year = {1999},
doi = {10.1142/S021827189900016X},
URL = {https://doi.org/10.1142/S021827189900016X}
}




@article{Cliche2010channel,
  title = {Relativistic quantum channel of communication through field quanta},
  author = {Cliche, M. and Kempf, A.},
  journal = {Phys. Rev. A},
  volume = {81},
  issue = {1},
  pages = {012330},
  numpages = {9},
  year = {2010},
  month = {Jan},
  publisher = {American Physical Society},
  doi = {10.1103/PhysRevA.81.012330},
  url = {https://link.aps.org/doi/10.1103/PhysRevA.81.012330}
}


@inbook{sorkin1956, 
    place={Cambridge}, 
    title={Impossible Measurements on Quantum Fields}, 
    volume={2}, 
    DOI={10.1017/CBO9780511524653.024}, 
    booktitle={Directions in General Relativity: Proceedings of the 1993 International Symposium, Maryland: Papers in Honor of Dieter Brill}, 
    publisher={Cambridge University Press}, 
    author={Sorkin, R.}, 
    year={1956}, 
    pages={293-305}
}

@article{Candelas1977irreversible,
  title = {Irreversible Thermodynamics of Black Holes},
  author = {Candelas, P. and Sciama, D. W.},
  journal = {Phys. Rev. Lett.},
  volume = {38},
  issue = {23},
  pages = {1372--1375},
  numpages = {0},
  year = {1977},
  month = {Jun},
  publisher = {American Physical Society},
  doi = {10.1103/PhysRevLett.38.1372},
  url = {https://link.aps.org/doi/10.1103/PhysRevLett.38.1372}
}

@article{ Kohlrus2015:1511.04256v6,
    author = { Jan Kohlrus and David Edward Bruschi and Jorma Louko and Ivette Fuentes },
    title = { Quantum communications and quantum metrology in the spacetime of a rotating planet },
    journal = { EPJ Quantum Technol. },
    volume = { 4 },
    year = { 2015 },
    url = {https://epjquantumtechnology.springeropen.com/articles/10.1140/epjqt/s40507-017-0061-0}
}

@article{Palmer2011localizedqubits,
title = {Localized qubits in curved spacetimes},
journal = {Ann. Phys. (N. Y.)},
volume = {327},
number = {4},
pages = {1078-1131},
year = {2012},
issn = {0003-4916},
doi = {https://doi.org/10.1016/j.aop.2011.10.009},
url = {https://www.sciencedirect.com/science/article/pii/S0003491611001692},
author = {Matthew C. Palmer and Maki Takahashi and Hans F. Westman},
keywords = {Curved spacetimes, Relativistic quantum information, Relativistic spin operators, Gravitationally induced phases},
abstract = {We provide a systematic and self-contained exposition of the subject of localized qubits in curved spacetimes. This research was motivated by a simple experimental question: if we move a spatially localized qubit, initially in a state |ψ1〉, along some spacetime path Γ from a spacetime point x1 to another point x2, what will the final quantum state |ψ2〉 be at point x2? This paper addresses this question for two physical realizations of the qubit: spin of a massive fermion and polarization of a photon. Our starting point is the Dirac and Maxwell equations that describe respectively the one-particle states of localized massive fermions and photons. In the WKB limit we show how one can isolate a two-dimensional quantum state which evolves unitarily along Γ. The quantum states for these two realizations are represented by a left-handed 2-spinor in the case of massive fermions and a four-component complex polarization vector in the case of photons. In addition we show how to obtain from this WKB approach a fully general relativistic description of gravitationally induced phases. We use this formalism to describe the gravitational shift in the Colella–Overhauser–Werner 1975 experiment. In the non-relativistic weak field limit our result reduces to the standard formula in the original paper. We provide a concrete physical model for a Stern–Gerlach measurement of spin and obtain a unique spin operator which can be determined given the orientation and velocity of the Stern–Gerlach device and velocity of the massive fermion. Finally, we consider multipartite states and generalize the formalism to incorporate basic elements from quantum information theory such as quantum entanglement, quantum teleportation, and identical particles. The resulting formalism provides a basis for exploring precision quantum measurements of the gravitational field using techniques from quantum information theory.}
}

@article{Iwo1998localization,
  title = {Exponential Localization of Photons},
  author = {Bialynicki-Birula, Iwo},
  journal = {Phys. Rev. Lett.},
  volume = {80},
  issue = {24},
  pages = {5247--5250},
  numpages = {0},
  year = {1998},
  month = {Jun},
  publisher = {American Physical Society},
  doi = {10.1103/PhysRevLett.80.5247},
  url = {https://link.aps.org/doi/10.1103/PhysRevLett.80.5247}
}


@article{Hegerfeldt1974causality,
  title = {Remark on causality and particle localization},
  author = {Hegerfeldt, Gerhard C.},
  journal = {Phys. Rev. D},
  volume = {10},
  issue = {10},
  pages = {3320--3321},
  numpages = {0},
  year = {1974},
  month = {Nov},
  publisher = {American Physical Society},
  doi = {10.1103/PhysRevD.10.3320},
  url = {https://link.aps.org/doi/10.1103/PhysRevD.10.3320}
}


@article{bruschi2020self,
  title={Self gravity affects quantum states},
  author={Bruschi, David Edward and Wilhelm, Frank K},
  journal={arXiv:2006.11768},
  year={2020},
  url={https://arxiv.org/abs/2006.11768}
}

@article{Benincasa2014projective,
  author="{Dionigi M. T. Benincasa, and Leron Borsten, and Michel Buck, and Fay Dowker}",
  title="{Quantum information processing and relativistic quantum fields}",
  journal={Class. Quantum Gravity},
  volume={31},
  number={7},
  pages={075007},
  url={http://stacks.iop.org/0264-9381/31/i=7/a=075007},
  year={2014}
}
	


@article{Lin2015teleportation,
  title = {Quantum teleportation between moving detectors},
  author = {Lin, Shih-Yuin and Chou, Chung-Hsien and Hu, B. L.},
  journal = {Phys. Rev. D},
  volume = {91},
  issue = {8},
  pages = {084063},
  numpages = {23},
  year = {2015},
  month = {Apr},
  publisher = {American Physical Society},
  doi = {10.1103/PhysRevD.91.084063},
  url = {https://link.aps.org/doi/10.1103/PhysRevD.91.084063}
}


@article{Alsing2012review,
  author={Paul M. Alsing, and Ivette Fuentes},
  title={Observer-dependent entanglement},
  journal={Class. Quantum Gravity},
  volume={29},
  number={22},
  pages={224001},
  url={http://stacks.iop.org/0264-9381/29/i=22/a=224001},
  year={2012},
  abstract={Understanding the observer-dependent nature of quantum entanglement has been a central question in relativistic quantum information. In this paper, we will review key results on relativistic entanglement in flat and curved spacetime and discuss recent work which shows that motion and gravity have observable effects on entanglement between localized systems.}
}
	

@article{Crispino2008review,
  title = "{The Unruh effect and its applications}",
  author = {Crispino, Lu\'{\i}s C. B. and Higuchi, Atsushi and Matsas, George E. A.},
  journal = {Rev. Mod. Phys.},
  volume = {80},
  issue = {3},
  pages = {787--838},
  numpages = {0},
  year = {2008},
  month = {Jul},
  publisher = {American Physical Society},
  doi = {10.1103/RevModPhys.80.787},
  url = {https://link.aps.org/doi/10.1103/RevModPhys.80.787}
}


@article{Pablo2018rqo,
  title = "{Relativistic quantum optics: The relativistic invariance of the light-matter interaction models}",
  author = {Mart\'{\i}n-Mart\'{\i}nez, Eduardo and Rodriguez-Lopez, Pablo},
  journal = {Phys. Rev. D},
  volume = {97},
  issue = {10},
  pages = {105026},
  numpages = {11},
  year = {2018},
  month = {May},
  publisher = {American Physical Society},
  doi = {10.1103/PhysRevD.97.105026},
  url = {https://link.aps.org/doi/10.1103/PhysRevD.97.105026}
}


@article{Landulfo2009suddendeath,
  title = {Sudden death of entanglement and teleportation fidelity loss via the Unruh effect},
  author = {Landulfo, Andr\'e G. S. and Matsas, George E. A.},
  journal = {Phys. Rev. A},
  volume = {80},
  issue = {3},
  pages = {032315},
  numpages = {8},
  year = {2009},
  month = {Sep},
  publisher = {American Physical Society},
  doi = {10.1103/PhysRevA.80.032315},
  url = {https://link.aps.org/doi/10.1103/PhysRevA.80.032315}
}


@inproceedings{DeWitt1979,
	Adsnote = {Provided by the SAO/NASA Astrophysics Data System},
	Adsurl = {http://adsabs.harvard.edu/abs/1979grec.conf..680D},
	Author = {{Dewitt}, B.~S.},
	Booktitle = {General Relativity: An Einstein centenary survey},
	Editor = {{Hawking}, S.~W. and {Israel}, W.},
	Keywords = {Relativistic Astrophysics, Gravitation Theory, Background Radiation, Black Holes},
	Pages = {680-745},
	Title = {{Quantum gravity: the new synthesis.}},
	Year = 1979
}

@article{Lopp:2018cavity,
  author="{Lopp, R. and Mart\'in-Mart\'inez, E. and Page, D. N.}",
  title="{Relativity and quantum optics: accelerated atoms in optical cavities}",
  journal={Class. Quantum Gravity},
  volume={35},
  number={22},
  pages={224001},
  url={http://stacks.iop.org/0264-9381/35/i=22/a=224001},
  year={2018}
}
	
@article{PozasJorma,
  title = {Degenerate detectors are unable to harvest spacelike entanglement},
  author = {Pozas-Kerstjens, Alejandro and Louko, Jorma and Mart\'{\i}n-Mart\'{\i}nez, Eduardo},
  journal = {Phys. Rev. D},
  volume = {95},
  issue = {10},
  pages = {105009},
  numpages = {11},
  year = {2017},
  month = {May},
  publisher = {American Physical Society},
  doi = {10.1103/PhysRevD.95.105009},
  url = {https://link.aps.org/doi/10.1103/PhysRevD.95.105009}
}


@article{Henderson:2017yuv,
	Archiveprefix = {arXiv},
	Author = {Henderson, L. J., and Hennigar, R. A., and Mann,              R. B., and Smith, A. R. H., and Zhang, J.},
	Eprint = {1712.10018},
	Journal = {},
	Primaryclass = {gr-qc},
	Title = {{Harvesting Entanglement from the Black Hole Vacuum}},
	Year = {2017}
}

@article{Jonsson2014signalQED,
  title = {Quantum signaling in cavity QED},
  author = {Jonsson, Robert H. and Mart\'{\i}n-Mart\'{\i}nez, Eduardo and Kempf, Achim},
  journal = {Phys. Rev. A},
  volume = {89},
  issue = {2},
  pages = {022330},
  numpages = {14},
  year = {2014},
  month = {Feb},
  publisher = {American Physical Society},
  doi = {10.1103/PhysRevA.89.022330},
  url = {https://link.aps.org/doi/10.1103/PhysRevA.89.022330}
}


@article{Jonsson2015infofree,
  title = {Information Transmission Without Energy Exchange},
  author = {Jonsson, Robert H. and Mart\'{\i}n-Mart\'{\i}nez, Eduardo and Kempf, Achim},
  journal = {Phys. Rev. Lett.},
  volume = {114},
  issue = {11},
  pages = {110505},
  numpages = {5},
  year = {2015},
  month = {Mar},
  publisher = {American Physical Society},
  doi = {10.1103/PhysRevLett.114.110505},
  url = {https://link.aps.org/doi/10.1103/PhysRevLett.114.110505}
}

@article{Robles2017thermometryQFT,
  author="{Sandra Robles, and Javier Rodr\'iguez-Laguna}",
  title="{Local quantum thermometry using Unruh–DeWitt detectors}",
  journal={Journal of Statistical Mechanics: Theory and Experiment},
  volume={2017},
  number={3},
  pages={033105},
  url={http://stacks.iop.org/1742-5468/2017/i=3/a=033105},
  year={2017},
  abstract={We propose an operational definition for the local temperature of a quantum field employing Unruh–DeWitt detectors, as used in the study of the Unruh and Hawking effects. With this definition, an inhomogeneous quantum system in equilibrium can have different local temperatures, in analogy with the Tolman–Ehrenfest theorem from general relativity. We study the local temperature distribution on the ground state of hopping fermionic systems on a curved background. The observed temperature tends to zero as the thermometer-system coupling g vanishes. Yet, for small but finite values of g , we show that the product of the observed local temperature and the logarithm of the local speed of light is approximately constant. Our predictions should be testable on ultracold atomic systems.}
}

@article{Hummer2016bosonfermionZM,
  title = {Renormalized Unruh-DeWitt particle detector models for boson and fermion fields},
  author = {H\"ummer, Daniel and Mart\'{\i}n-Mart\'{\i}nez, Eduardo and Kempf, Achim},
  journal = {Phys. Rev. D},
  volume = {93},
  issue = {2},
  pages = {024019},
  numpages = {50},
  year = {2016},
  month = {Jan},
  publisher = {American Physical Society},
  doi = {10.1103/PhysRevD.93.024019},
  url = {https://link.aps.org/doi/10.1103/PhysRevD.93.024019}
}


@article{Louko2016fermionZM,
  title = "{Unruh-DeWitt detector's response to fermions in flat spacetimes}",
  author = {Louko, Jorma and Toussaint, Vladimir},
  journal = {Phys. Rev. D},
  volume = {94},
  issue = {6},
  pages = {064027},
  numpages = {17},
  year = {2016},
  month = {Sep},
  publisher = {American Physical Society},
  doi = {10.1103/PhysRevD.94.064027},
  url = {https://link.aps.org/doi/10.1103/PhysRevD.94.064027}
}


@Article{Yazdi2017,
author="Yazdi, Yasaman K.",
title="Zero modes and entanglement entropy",
journal=" J. High Energ. Phys.",
year="2017",
month="Apr",
day="26",
volume="2017",
number="4",
pages="140",
issn="1029-8479",
doi="10.1007/JHEP04(2017)140",
url="https://doi.org/10.1007/JHEP04(2017)140"
}

@article{Brenna2016antiUnruh,
title = "Anti-Unruh phenomena",
journal = "Physics Letters B",
volume = "757",
pages = "307 - 311",
year = "2016",
issn = "0370-2693",
doi = "https://doi.org/10.1016/j.physletb.2016.04.002",
url = "http://www.sciencedirect.com/science/article/pii/S0370269316300727",
author = "W.G. Brenna, and Robert B. Mann, and Eduardo Mart\'in-Mart\'inez"
}

@article{Brown2013Amplification,
  title = {Thermal amplification of field-correlation harvesting},
  author = {Brown, Eric G.},
  journal = {Phys. Rev. A},
  volume = {88},
  issue = {6},
  pages = {062336},
  numpages = {15},
  year = {2013},
  month = {Dec},
  publisher = {American Physical Society},
  doi = {10.1103/PhysRevA.88.062336},
  url = {https://link.aps.org/doi/10.1103/PhysRevA.88.062336}
}


@article{Lorek2014tripartite,
  title = {Extraction of genuine tripartite entanglement from the vacuum},
  author = {Lorek, Krzysztof and Pecak, Daniel and Brown, Eric G. and Dragan, Andrzej},
  journal = {Phys. Rev. A},
  volume = {90},
  issue = {3},
  pages = {032316},
  numpages = {7},
  year = {2014},
  month = {Sep},
  publisher = {American Physical Society},
  doi = {10.1103/PhysRevA.90.032316},
  url = {https://link.aps.org/doi/10.1103/PhysRevA.90.032316}
}



@article{Lin2016entangleCylin,
author="Lin, Shih-Yuin
and Chou, Chung-Hsien
and Hu, B. L.",
title="Entanglement dynamics of detectors in an Einstein cylinder",
journal="Journal of High Energy Physics",
year="2016",
month="Mar",
day="09",
volume="2016",
number="3",
pages="47",
doi="10.1007/JHEP03(2016)047",
url="https://doi.org/10.1007/JHEP03(2016)047"
}

@article{Allen1987deSitter,
  title = {Massless minimally coupled scalar field in de Sitter space},
  author = {Allen, B. and Folacci, A.},
  journal = {Phys. Rev. D},
  volume = {35},
  issue = {12},
  pages = {3771--3778},
  numpages = {0},
  year = {1987},
  month = {Jun},
  publisher = {American Physical Society},
  doi = {10.1103/PhysRevD.35.3771},
  url = {https://link.aps.org/doi/10.1103/PhysRevD.35.3771}
}

@article{Kirsten1993deSitter,
  title = {Massless minimally coupled fields in de Sitter space: O(4)-symmetric states versus de Sitter--invariant vacuum},
  author = {Kirsten, Klaus and Garriga, Jaume},
  journal = {Phys. Rev. D},
  volume = {48},
  issue = {2},
  pages = {567--577},
  numpages = {0},
  year = {1993},
  month = {Jul},
  publisher = {American Physical Society},
  doi = {10.1103/PhysRevD.48.567},
  url = {https://link.aps.org/doi/10.1103/PhysRevD.48.567}
}




@article{pozas2015harvesting,
  title = {Harvesting correlations from the quantum vacuum},
  author = {Pozas-Kerstjens, Alejandro and Mart\'{\i}n-Mart\'{\i}nez, Eduardo},
  journal = {Phys. Rev. D},
  volume = {92},
  issue = {6},
  pages = {064042},
  numpages = {18},
  year = {2015},
  month = {Sep},
  publisher = {American Physical Society},
  doi = {10.1103/PhysRevD.92.064042},
  url = {https://link.aps.org/doi/10.1103/PhysRevD.92.064042}
}


@article{smith2016topology,
  title = {Spacetime structure and vacuum entanglement},
  author = {Mart\'{\i}n-Mart\'{\i}nez, Eduardo and Smith, Alexander R. H. and Terno, Daniel R.},
  journal = {Phys. Rev. D},
  volume = {93},
  issue = {4},
  pages = {044001},
  numpages = {13},
  year = {2016},
  month = {Feb},
  publisher = {American Physical Society},
  doi = {10.1103/PhysRevD.93.044001},
  url = {https://link.aps.org/doi/10.1103/PhysRevD.93.044001}
}


@article{Zeromode2014Edu,
  title = {Particle detectors and the zero mode of a quantum field},
  author = {Mart\'{\i}n-Mart\'{\i}nez, Eduardo and Louko, Jorma},
  journal = {Phys. Rev. D},
  volume = {90},
  issue = {2},
  pages = {024015},
  numpages = {15},
  year = {2014},
  month = {Jul},
  publisher = {American Physical Society},
  doi = {10.1103/PhysRevD.90.024015},
  url = {https://link.aps.org/doi/10.1103/PhysRevD.90.024015}
}

@article{Causality2015Eduardo,
  title = {Causality issues of particle detector models in QFT and quantum optics},
  author = {Mart\'{\i}n-Mart\'{\i}nez, Eduardo},
  journal = {Phys. Rev. D},
  volume = {92},
  issue = {10},
  pages = {104019},
  numpages = {18},
  year = {2015},
  month = {Nov},
  publisher = {American Physical Society},
  doi = {10.1103/PhysRevD.92.104019},
  url = {https://link.aps.org/doi/10.1103/PhysRevD.92.104019}
}

@article{BECZero2003okumura,
  title = {Proper treatment of the zero mode in quantum field theory for trapped Bose-Einstein condensation},
  author = {Okumura, M. and Yamanaka, Y.},
  journal = {Phys. Rev. A},
  volume = {68},
  issue = {1},
  pages = {013609},
  numpages = {12},
  year = {2003},
  month = {Jul},
  publisher = {American Physical Society},
  doi = {10.1103/PhysRevA.68.013609},
  url = {https://link.aps.org/doi/10.1103/PhysRevA.68.013609}
}

@book{francesco1996conformal,
  title={Conformal Field Theory},
  author={Francesco, P. and Mathieu, P. and Senechal, D.},
  isbn={9781461222576},
  url={https://books.google.ca/books?id=mcMbswEACAAJ},
  year={1996},
  publisher={Island Press}
}

@article{Karen2013huygens,
author = {Yagdjian,Karen},
title = {Huygens' principle for the Klein-Gordon equation in the de Sitter spacetime},
journal = {Journal of Mathematical Physics},
volume = {54},
number = {9},
pages = {091503},
year = {2013},
doi = {10.1063/1.4821115},
URL = { 
        https://doi.org/10.1063/1.4821115
},
eprint = { 
        https://doi.org/10.1063/1.4821115
}
}

@article{Blasco2015Huygens,
  title = {Violation of the Strong Huygen's Principle and Timelike Signals from the Early Universe},
  author = {Blasco, Ana and Garay, Luis J. and Mart\'{\i}n-Benito, Mercedes and Mart\'{\i}n-Mart\'{\i}nez, Eduardo},
  journal = {Phys. Rev. Lett.},
  volume = {114},
  issue = {14},
  pages = {141103},
  numpages = {5},
  year = {2015},
  month = {Apr},
  publisher = {American Physical Society},
  doi = {10.1103/PhysRevLett.114.141103},
  url = {https://link.aps.org/doi/10.1103/PhysRevLett.114.141103}
}


@article{Blasco2016broadcast,
  title = {Timelike information broadcasting in cosmology},
  author = {Blasco, Ana and Garay, Luis J. and Mart\'{\i}n-Benito, Mercedes and Mart\'{\i}n-Mart\'{\i}nez, Eduardo},
  journal = {Phys. Rev. D},
  volume = {93},
  issue = {2},
  pages = {024055},
  numpages = {17},
  year = {2016},
  month = {Jan},
  publisher = {American Physical Society},
  doi = {10.1103/PhysRevD.93.024055},
  url = {https://link.aps.org/doi/10.1103/PhysRevD.93.024055}
}




@article{Tolley:2001gg,
	Archiveprefix = {arXiv},
	Author = {Tolley, Andrew J., and Turok, Neil},
	Eprint = {hep-th/0108119},
	Primaryclass = {hep-th},
	Title = {{Quantization of the massless minimally coupled scalar field and the dS / CFT correspondence}},
	Year = {2001}
}
