@article{stellar-kinematics-dm-halo,
	doi = {10.3847/1538-4357/abbd92},
  
	url = {https://doi.org/10.3847%2F1538-4357%2Fabbd92},
  
	year = 2020,
	month = {nov},
  
	publisher = {American Astronomical Society},
  
	volume = {903},
  
	number = {2},
  
	pages = {130},
  
	author = {Gangil Seo and Jubee Sohn and Myung Gyoon Lee},
  
	title = {Tracing Dark Matter Halos with Satellite Kinematics and the Central Stellar Velocity Dispersion of Galaxies},
  
	journal = {The Astrophysical Journal}
}

@article{stellar-kinematics-waveDM,
  title = {Excluding fuzzy dark matter with sizes and stellar kinematics of ultrafaint dwarf galaxies},
  author = {Dalal, Neal and Kravtsov, Andrey},
  journal = {Phys. Rev. D},
  volume = {106},
  issue = {6},
  pages = {063517},
  numpages = {11},
  year = {2022},
  month = {Sep},
  publisher = {American Physical Society},
  doi = {10.1103/PhysRevD.106.063517},
  url = {https://link.aps.org/doi/10.1103/PhysRevD.106.063517}
}

@article{tidal-evolution-subhalo,
	doi = {10.1093/mnras/stz2767},
  
	url = {https://doi.org/10.1093%2Fmnras%2Fstz2767},
  
	year = 2019,
	month = {oct},
  
	publisher = {Oxford University Press ({OUP})},
  
	volume = {490},
  
	number = {2},
  
	pages = {2091--2101},
  
	author = {Sheridan B Green and Frank C van~den~Bosch},
  
	title = {The tidal evolution of dark matter substructure {\textendash} I. subhalo density profiles},
  
	journal = {Monthly Notices of the Royal Astronomical Society}
}

@article{wavedm-heating-dwarf,
	doi = {10.3847/1538-4357/acc73d},
  
	url = {https://doi.org/10.3847%2F1538-4357%2Facc73d},
  
	year = 2023,
	month = {jun},
  
	publisher = {American Astronomical Society},
  
	volume = {949},
  
	number = {2},
  
	pages = {68},
  
	author = {Dhruba Dutta Chowdhury and Frank C. van den Bosch and Pieter van Dokkum and Victor H. Robles and Hsi-Yu Schive and Tzihong Chiueh},
  
	title = {On the Dynamical Heating of Dwarf Galaxies in a Fuzzy Dark Matter Halo},
  
	journal = {The Astrophysical Journal}
}

@article{dynmaical-friction-in-waveDM-analytic,
	doi = {10.1088/1475-7516/2020/01/001},
  
	url = {https://doi.org/10.1088%2F1475-7516%2F2020%2F01%2F001},
  
	year = 2020,
	month = {jan},
  
	publisher = {{IOP} Publishing},
  
	volume = {2020},
  
	number = {01},
  
	pages = {001--001},
  
	author = {Lachlan Lancaster and Cara Giovanetti and Philip Mocz and Yonatan Kahn and Mariangela Lisanti and David N. Spergel},
  
	title = {Dynamical friction in a Fuzzy Dark Matter universe},
  
	journal = {Journal of Cosmology and Astroparticle Physics}
}

@article{waveDM-compactibility-mw-satellite,
	doi = {10.3847/1538-4357/ab7db2},
  
	url = {https://doi.org/10.3847%2F1538-4357%2Fab7db2},
  
	year = 2020,
	month = {apr},
  
	publisher = {American Astronomical Society},
  
	volume = {893},
  
	number = {1},
  
	pages = {21},
  
	author = {Mohammadtaher Safarzadeh and David N. Spergel},
  
	title = {Ultra-light Dark Matter Is Incompatible with the Milky Way's Dwarf Satellites},
  
	journal = {The Astrophysical Journal}
}

@article{stellar-streams-gaps-statistics-analytic,
	doi = {10.1093/mnras/stw1957},
  
	url = {https://doi.org/10.1093%2Fmnras%2Fstw1957},
  
	year = 2016,
	month = {aug},
  
	publisher = {Oxford University Press ({OUP})},
  
	volume = {463},
  
	number = {1},
  
	pages = {102--119},
  
	author = {Denis Erkal and Vasily Belokurov and Jo Bovy and Jason L. Sanders},
  
	title = {The number and size of subhalo-induced gaps in stellar streams},
  
	journal = {Monthly Notices of the Royal Astronomical Society}
}