@misc{community-project-doc, 
title={Lightwork memo 29: Hydrogen Line Project Documentation},
howpublished = "\url{https://docs.google.com/document/d/1_7ZOe1Et_8QTk07bgbTd7LLNqDAtgAjmCS50JM9JRbQ/edit}",
journal={Google Docs}, 
publisher={Google}, 
author={Trumbauer, Eric and Khashayar, Sahar},
year={2019},
month={Jun}
} 

@misc{community-project-1,
title={Hydrogen Line Radio Astronomy_2020},
howpublished = "\url{http://www.y1pwe.co.uk/RAProgs/HLine.html}",
journal={Available Online},
year={2020},
month={Aug}
} 

@misc{physicsOpenLab-project,
title={A Low-Noise SDR-Based Receiver for the 21 cm Neutral-Hydrogen Line},
howpublished = "\url{https://physicsopenlab.org/2020/07/26/sdr-based-receiver-for-the-21-cm-neutral-hydrogen-line/}",
journal={PhysicsOpenLab},
year={2020},
month={Jul}
} 
%

@misc{mit-haystack-srt,
title={SRT memo series},
howpublished = "\url{https://www.haystack.mit.edu/haystack-memo-series/srt-memos/}",
journal={MIT Haystack Observatory},
author={Rogers, Alan},
year={2022}, month={Apr}} 

@ARTICLE{rubin-galaxy-rotation-curve,
       author = {{Rubin}, Vera C. and {Ford}, W. Kent, Jr.},
        title = "{Rotation of the Andromeda Nebula from a Spectroscopic Survey of Emission Regions}",
      journal = {ApJ},
         year = 1970,
        month = feb,
       volume = {159},
        pages = {379},
          doi = {10.1086/150317},
       adsurl = {https://ui.adsabs.harvard.edu/abs/1970ApJ...159..379R},
      adsnote = {Provided by the SAO/NASA Astrophysics Data System}
}

@article{chime-21cm-result,
	doi = {10.3847/1538-4357/acb13f},
  
	url = {https://doi.org/10.3847%2F1538-4357%2Facb13f},
  
	year = 2023,
	month = {apr},
  
	publisher = {American Astronomical Society},
  
	volume = {947},
  
	number = {1},
  
	pages = {16},
  
	author = {Mandana Amiri and Kevin Bandura and Tianyue Chen and Meiling Deng and Matt Dobbs and Mateus Fandino and Simon Foreman and Mark Halpern and Alex S. Hill and Gary Hinshaw and Carolin Höfer and Joseph Kania and T. L. Landecker and Joshua MacEachern and Kiyoshi Masui and Juan Mena-Parra and Nikola Milutinovic and Arash Mirhosseini and Laura Newburgh and Anna Ordog and Ue-Li Pen and Tristan Pinsonneault-Marotte and Ava Polzin and Alex Reda and Andre Renard and J. Richard Shaw and Seth R. Siegel and Saurabh Singh and Keith Vanderlinde and Haochen Wang and Donald V. Wiebe and Dallas Wulf},
  
	title = {Detection of Cosmological 21 cm Emission with the Canadian Hydrogen Intensity Mapping Experiment},
  
	journal = {The Astrophysical Journal}
}

@article{chime-overview,
	doi = {10.3847/1538-4365/ac6fd9},
  
	url = {https://doi.org/10.3847%2F1538-4365%2Fac6fd9},
  
	year = 2022,
	month = {jul},
  
	publisher = {American Astronomical Society},
  
	volume = {261},
  
	number = {2},
  
	pages = {29},
  
	author = {Mandana Amiri and Kevin Bandura and Anja Boskovic and Tianyue Chen and Jean-Francois Cliche and Meiling Deng and Nolan Denman and Matt Dobbs and Mateus Fandino and Simon Foreman and Mark Halpern and David Hanna and Alex S. Hill and Gary Hinshaw and Carolin Höfer and Joseph Kania and Peter Klages and T. L. Landecker and Joshua MacEachern and Kiyoshi Masui and Juan Mena-Parra and Nikola Milutinovic and Arash Mirhosseini and Laura Newburgh and Rick Nitsche and Anna Ordog and Ue-Li Pen and Tristan Pinsonneault-Marotte and Ava Polzin and Alex Reda and Andre Renard and J. Richard Shaw and Seth R. Siegel and Saurabh Singh and Rick Smegal and Ian Tretyakov and Kwinten Van Gassen and Keith Vanderlinde and Haochen Wang and Donald V. Wiebe and James S. Willis and Dallas Wulf},
  
	title = {An Overview of {CHIME},
   the Canadian Hydrogen Intensity Mapping Experiment},
	journal = {The Astrophysical Journal Supplement Series}
}

@misc{amateur-dish-radio,
title={A 21cm radio telescope for the cost-conscious},
howpublished = "\url{http://www.ccera.ca/papers/a-21cm-radio-telescope-for-the-cost-conscious/}",
journal={Canadian Centre for Experimental Radio Astronomy},
author={Leech, Marcus}
} 
@INPROCEEDINGS{chord-proposal,
       author = {{Vanderlinde}, Keith and {Liu}, Adrian and {Gaensler}, Bryan and {Bond}, Dick and {Hinshaw}, Gary and {Ng}, Cherry and {Chiang}, Cynthia and {Stairs}, Ingrid and {Brown}, Jo-Anne and {Sievers}, Jonathan and {Mena}, Juan and {Smith}, Kendrick and {Bandura}, Kevin and {Masui}, Kiyoshi and {Spekkens}, Kristine and {Belostotski}, Leo and {Dobbs}, Matt and {Turok}, Neil and {Boyle}, Patrick and {Rupen}, Michael and {Landecker}, Tom and {Pen}, Ue-Li and {Kaspi}, Victoria},
        title = "{The Canadian Hydrogen Observatory and Radio-transient Detector (CHORD)}",
     keywords = {astrophysics, Zenodo community lpr2020, Astrophysics - Instrumentation and Methods for Astrophysics},
    booktitle = {Canadian Long Range Plan for Astronomy and Astrophysics White Papers},
         year = {2019},
       volume = {2020},
        month = {oct},
          eid = {28},
        pages = {28},
          doi = {10.5281/zenodo.3765414},
archivePrefix = {arXiv},
       eprint = {1911.01777},
 primaryClass = {astro-ph.IM},
       adsurl = {https://ui.adsabs.harvard.edu/abs/2019clrp.2020...28V},
      adsnote = {Provided by the SAO/NASA Astrophysics Data System}
}

@misc{amateur-radio-horn-ieee,
title={Track the movement of the milky way with this DIY radio telescope}, 
url={https://spectrum.ieee.org/track-the-movement-of-the-milky-way-with-this-diy-radio-telescope}, 
journal={IEEE Spectrum}, 
publisher={IEEE Spectrum}, 
author={Schneider, David}, 
year={2022}, 
month={Nov}
} 

@misc{amateur-radio-horn-harvard,
journal={Harvard University}, 
howpublished = "\url{https://lweb.cfa.harvard.edu/~npatel/hornAntennaAASposterPDF2.pdf}",
title={A low-cost 21 cm horn-antenna radio telescope for education and outreach},
author={Patel, N.A. and Patel, R.N. and Kimberk, R.S. and Test, J.N. and i, A. and Ryan, J. and Karkare, K.S. and Kovac, J.M. and Dame, T.M.}
} 
@misc{amateur-radio-horn-india,
      title={A Bose Horn Antenna Radio Telescope (BHARAT) design for 21 cm hydrogen line experiments for radio astronomy teaching}, 
      author={Ashish A. Mhaske and Joydeep Bagchi and Bhal Chandra Joshi and Joe Jacob and Paul K. T},
      year={2022},
      eprint={2208.06070},
      archivePrefix={arXiv},
      primaryClass={astro-ph.IM}
}

@misc{amateur-radio-dish-japan,
title={Cheap and easy hydrogen line radio astronomy with a rtl-sdr, wifi parabolic grid dish, LNA and sdrsharp},
howpublished = "\url{https://www.rtl-sdr.com/cheap-and-easy-hydrogen-line-radio-astronomy-with-a-rtl-sdr-wifi-parabolic-grid-dish-lna-and-sdrsharp/}",
journal={RTL-SDR}
, year={2023}, month={Jul}} 

@misc{sawbird-amp-datasheet,
title={Sawbird-H1 Barebones datasheet revision 1}, 
howpublished = "\url{https://www.nooelec.com/store/downloads/dl/file/id/85/product/312/sawbird_h1_barebones_datasheet_revision_1.pdf}",
publisher={Nooelec}
} 

@misc{rtl-sdr-datasheet,
title={RTL-SDR blog V3 datasheet},
howpublished = "\url{https://www.rtl-sdr.com/wp-content/uploads/2018/02/RTL-SDR-Blog-V3-Datasheet.pdf}",
publisher={RTL-SDR}} 


@misc{PhysicsOpenLab-rotation-curve, 
title={Milky Way structure detected with the 21 cm Neutral Hydrogen Emission},
howpublished = "\url{https://physicsopenlab.org/2020/09/08/measurement-of-the-milky-way-rotation/}",
journal={PhysicsOpenLab},
year={2020}, 
month={Sep}} 

@article{tangent-point-method-systematics,
doi = {10.3847/2515-5172/abbad8},
url = {https://dx.doi.org/10.3847/2515-5172/abbad8},
year = {2020},
month = {sep},
publisher = {The American Astronomical Society},
volume = {4},
number = {9},
pages = {165},
author = {Camille K. Chiu and Louis E. Strigari},
title = {Testing the Accuracy of the Tangent Point Method for Determining the Milky Way’s Inner Rotation Curve},
journal = {Research Notes of the AAS},
}

@article{tangent-point-method-systematics-2,
	author = {{Chemin, Laurent} and {Renaud, Florent} and {Soubiran, Caroline}},
	title = {Incorrect rotation curve of the Milky Way},
	DOI= "10.1051/0004-6361/201526040",
	url= "https://doi.org/10.1051/0004-6361/201526040",
	journal = {A\&A},
	year = 2015,
	volume = 578,
	pages = "A14",
	month = "",
}

@misc{rotation-curve-review,
      title={The rotation curve of spiral galaxies and its cosmological implications}, 
      author={Eduardo Battaner and Estrella Florido},
      year={2000},
      eprint={astro-ph/0010475},
      archivePrefix={arXiv},
      primaryClass={astro-ph}
}
@ARTICLE{tangent-point-method-review,
       author = {{Fich}, Michel and {Tremaine}, Scott},
        title = "{The mass of the Galaxy.}",
      journal = {ARAA},
     keywords = {Galactic Mass, Galactic Structure, Mass Distribution, Milky Way Galaxy, Astronomical Models, Computational Astrophysics, Dark Matter, Galactic Rotation, Local Group (Astronomy), Stellar Mass, Astrophysics, Galaxy: Mass, Galaxy: Dynamics, Galaxy: Dark Matter, Galaxy: Structure},
         year = 1991,
        month = jan,
       volume = {29},
        pages = {409-445},
          doi = {10.1146/annurev.aa.29.090191.002205},
       adsurl = {https://ui.adsabs.harvard.edu/abs/1991ARA\&A..29..409F},
      adsnote = {Provided by the SAO/NASA Astrophysics Data System}
}

@article{edge,
	doi = {10.1038/nature25792},
  
	url = {https://doi.org/10.1038%2Fnature25792},
  
	year = 2018,
	month = {mar},
  
	publisher = {Springer Science and Business Media {LLC}
},
  
	volume = {555},
  
	number = {7694},
  
	pages = {67--70},
  
	author = {Judd D. Bowman and Alan E. E. Rogers and Raul A. Monsalve and Thomas J. Mozdzen and Nivedita Mahesh},
  
	title = {An absorption profile centred at 78 megahertz in the sky-averaged spectrum},
  
	journal = {Nature}
}

