@article{hansengentle,
  title={A gentle introduction to sheaves on graphs},
  author={Hansen, Jakob}
}
@inproceedings{hansen2019learning,
  title={Learning Sheaf Laplacians from Smooth Signals},
  author={Hansen, Jakob and Ghrist, Robert},
  booktitle={ICASSP 2019-2019 IEEE International Conference on Acoustics, Speech and Signal Processing (ICASSP)},
  pages={5446--5450},
  year={2019},
  organization={IEEE}
}
@book{robinsonTSP,
  title={Topological signal processing},
  author={Robinson, Michael},
  year={2014},
  publisher={Springer}
}
@misc{robinsonPOSET,
    title={Presentation: Sheaves and Numerical Analysis},
    author={Michael Robinson},
    howpublished = {\url{http://www.drmichaelrobinson.net/20170802_AAG.pdf}},
    note={Accessed: 3 May, 2020}
}
@misc{robinsonSheaf,
    title={Presentation: What is a Sheaf?},
    author={Michael Robinson},
    howpublished = {\url{http://www.drmichaelrobinson.net/sheaftutorial/20150825_tutorial_3.pdf}},
    note={Accessed: 5 May, 2020}
}
@article{Curry,
  title={Sheaves, cosheaves and applications},
  author={Curry, Justin},
  journal={arXiv preprint arXiv:1303.3255},
  year={2013}
}