@article{Aaronson2013Symmetry,
  title = {$\ensuremath{\psi}$-epistemic theories: The role of symmetry},
  author = {Aaronson, Scott and Bouland, Adam and Chua, Lynn and Lowther, George},
  journal = {Phys. Rev. A},
  volume = {88},
  issue = {3},
  pages = {032111},
  numpages = {12},
  year = {2013},
  month = {Sep},
  publisher = {American Physical Society},
  doi = {10.1103/PhysRevA.88.032111},
  url = {https://link.aps.org/doi/10.1103/PhysRevA.88.032111}
}


@article{Aharonov1993OnticMeasurement,
  title={Measurement of the Schr{\"o}dinger wave of a single particle},
  author={Aharonov, Yakir and Vaidman, Lev},
  journal={Physics Letters A},
  volume={178},
  number={1-2},
  pages={38--42},
  year={1993},
  publisher={Elsevier}
}
  %Claims of strongest psi-ontic wavefunction, that is measurable even for single particles.
  
@article{Ballentine2014Ontological,
  title={Ontological Models in Quantum Mechanics: What do they tell us?},
  author={Ballentine, Leslie},
  journal={arXiv preprint arXiv:1402.5689},
  year={2014},
  url={https://arxiv.org/pdf/1402.5689.pdf}
}

@article{Bell1964Einstein,
  title={On the Einstein Podolsky Rosen Paradox},
  author={Bell, John S},
  journal={Physics Physique Fizika},
  volume={1},
  number={3},
  pages={195},
  year={1964},
  publisher={APS}
}

@article{Benmenahem2017PBR,
title = "The PBR theorem: Whose side is it on?",
journal = "Studies in History and Philosophy of Science Part B: Studies in History and Philosophy of Modern Physics",
volume = "57",
pages = "80 - 88",
year = "2017",
issn = "1355-2198",
doi = "https://doi.org/10.1016/j.shpsb.2016.11.004",
url = "http://www.sciencedirect.com/science/article/pii/S1355219815300095",
author = "Yemima Ben-Menahem"
}

@article{Bohm1952Suggested,
  title={A suggested interpretation of the quantum theory in terms of ``hidden" variables. I},
  author={Bohm, David},
  journal={Physical review},
  volume={85},
  number={2},
  pages={166},
  year={1952},
  publisher={APS},
  doi = {10.1103/PhysRev.85.166}
}

@article{Caves2002conditions,
  title={Conditions for compatibility of quantum-state assignments},
  author={Caves, Carlton M and Fuchs, Christopher A and Schack, R{\"u}diger},
  journal={Physical Review A},
  volume={66},
  number={6},
  pages={062111},
  year={2002},
  publisher={APS},
  doi = {10.1103/PhysRevA.66.062111}
}

@article{Cheng2009Thermodynamics,
  title={Thermodynamics of the system of distinguishable particles},
  author={Cheng, Chi-Ho},
  journal={Entropy},
  volume={11},
  number={3},
  pages={326--333},
  year={2009},
  publisher={Molecular Diversity Preservation International},
  doi={10.3390/e11030326}
}

@article{Colbeck2012Correspondence,
  title = {Is a System's Wave Function in One-to-One Correspondence with Its Elements of Reality?},
  author = {Colbeck, Roger and Renner, Renato},
  journal = {Phys. Rev. Lett.},
  volume = {108},
  issue = {15},
  pages = {150402},
  numpages = {4},
  year = {2012},
  month = {Apr},
  publisher = {American Physical Society},
  doi = {10.1103/PhysRevLett.108.150402},
  url = {https://link.aps.org/doi/10.1103/PhysRevLett.108.150402}
}


@article{Einstein1935Complete,
  title={Can quantum-mechanical description of physical reality be considered complete?},
  author={Einstein, Albert and Podolsky, Boris and Rosen, Nathan},
  journal={Physical review},
  volume={47},
  number={10},
  pages={777},
  year={1935},
  publisher={APS}
}

@article{Elitzur1993BombDet,
  title={Quantum mechanical interaction-free measurements},
  author={Elitzur, Avshalom C and Vaidman, Lev},
  journal={Foundations of Physics},
  volume={23},
  number={7},
  pages={987--997},
  year={1993},
  publisher={Springer},
  doi={10.1007/BF00736012}
}

@article{Everett1957Relative,
  title={``Relative state" formulation of quantum mechanics},
  author={Everett III, Hugh},
  journal={Reviews of modern physics},
  volume={29},
  number={3},
  pages={454},
  year={1957},
  publisher={APS},
  doi={10.1103/RevModPhys.29.454}
}

@inbook{friederich2014Interpreting,
  title={Interpreting quantum theory: A therapeutic approach},
  author={Friederich, Simon},
  year={2014},
  publisher={Palgrave Macmillan UK},
  pages={55},
  series={New Directions in the Philosophy of Science},
  address={Basingstoke},
  month={Nov},
  edition={First}
}

@article{Fuchs2002Info,
  title={Quantum mechanics as quantum information (and only a little more)},
  author={Fuchs, Christopher A},
  journal={arXiv preprint quant-ph/0205039},
  year={2002},
  url={https://arxiv.org/pdf/quant-ph/0205039.pdf}
}

@article{Fuchs2014QBism,
  title={QBism and the Greeks: why a quantum state does not represent an element of physical reality},
  author={Fuchs, Christopher A and Schack, R{\"u}diger},
  journal={Physica Scripta},
  volume={90},
  number={1},
  pages={015104},
  year={2014},
  publisher={IOP Publishing},
  doi = {10.1088/0031-8949/90/1/015104}
}

@article{Ghirardi1986Unified,
  title={Unified dynamics for microscopic and macroscopic systems},
  author={Ghirardi, Gian Carlo and Rimini, Alberto and Weber, Tullio},
  journal={Physical Review D},
  volume={34},
  number={2},
  pages={470},
  year={1986},
  publisher={APS},
  doi = {10.1103/PhysRevD.34.470}
}

@article{Hall2011Generalisations,
  title={Generalisations of the recent Pusey-Barrett-Rudolph theorem for statistical models of quantum phenomena},
  author={Hall, Michael JW},
  journal={arXiv preprint arXiv:1111.6304},
  year={2011}
}

@article{Hance2019Quantum,
  title={How Quantum is Quantum Counterfactual Communication?},
  author={Hance, Jonte R and Ladyman, James and Rarity, John},
  journal={arXiv preprint arXiv:1909.07530},
  year={2019},
  url={https://arxiv.org/abs/1909.07530}
}

@article{Hance2020CFGI,
  title={Counterfactual Ghost Imaging},
  author={Hance, Jonte and Rarity, John},
  journal={arXiv preprint arXiv:2010.14292},
  year={2020},
  url={https://arxiv.org/abs/2010.14292}
}

@article{Hardy1992EmptyWaves,
  title={On the existence of empty waves in quantum theory},
  author={Hardy, Lucien},
  journal={Physics Letters A},
  volume={167},
  number={1},
  pages={11--16},
  year={1992},
  publisher={Elsevier}
}

@article{Hardy2013QStatesReal,
  title={Are quantum states real?},
  author={Hardy, Lucien},
  journal={International Journal of Modern Physics B},
  volume={27},
  number={01n03},
  pages={1345012},
  year={2013},
  publisher={World Scientific},
  doi = {10.1142/S0217979213450124}
}

@article{Harrigan2007Ontological,
  title={Ontological models and the interpretation of contextuality},
  author={Harrigan, Nicholas and Rudolph, Terry},
  journal={arXiv preprint arXiv:0709.4266},
  year={2007},
  url={https://arxiv.org/pdf/0709.4266.pdf}
}

@article{Harrigan2007ProbDistn,
  title={Representing probabilistic data via ontological models},
  author={Harrigan, Nicholas and Rudolph, Terry and Aaronson, Scott},
  journal={arXiv preprint arXiv:0709.1149},
  year={2007},
  url={https://arxiv.org/pdf/0709.1149.pdf}
}

@article{Harrigan2010Nonlocality,
  title={Einstein, incompleteness, and the epistemic view of quantum states},
  author={Harrigan, Nicholas and Spekkens, Robert W},
  journal={Foundations of Physics},
  volume={40},
  number={2},
  pages={125--157},
  year={2010},
  publisher={Springer},
  doi={https://doi.org/10.1007/s10701-009-9347-0}
}
%Tries to argue that any psi-ontic theory of the wavefunction must be non-local. Tries using this to say only strongly psi-epistemic theories work.

@article{Hermens2021Howreal,
      title={How Real are Quantum States in $\psi$-ontic Models?}, 
      author={Ronnie Hermens},
      year={2021},
      journal={arXiv preprint arXiv:2101.01972},
      url={https://arxiv.org/abs/2101.01972}
}

@article{Howard1985Einstein,
  title={Einstein on locality and separability},
  author={Howard, Don},
  journal={Studies in History and Philosophy of Science Part A},
  volume={16},
  number={3},
  pages={171--201},
  year={1985},
  publisher={Elsevier}
}

@book{Joos2013Decoherence,
  title={Decoherence and the appearance of a classical world in quantum theory},
  author={Joos, Erich and Zeh, H Dieter and Kiefer, Claus and Giulini, Domenico JW and Kupsch, Joachim and Stamatescu, Ion-Olimpiu},
  year={2013},
  publisher={Springer Science \& Business Media}
}

@article{Kennard1927Quantenmechanik,
  title={Zur quantenmechanik einfacher bewegungstypen},
  author={Kennard, Earle H},
  journal={Zeitschrift f{\"u}r Physik},
  volume={44},
  number={4-5},
  pages={326--352},
  year={1927},
  publisher={Springer},
  doi={https://doi.org/10.1007/BF01391200}
}

@article{Kochen1967Hidden,
  title={The Problem of Hidden Variables in Quantum Mechanics},
  author={Kochen, Simon and Specker, EP},
  journal={Journal of Mathematics and Mechanics},
  volume={17},
  number={1},
  pages={59--87},
  year={1967},
  publisher={Indiana University},
  doi={10.1512/iumj.1968.17.17004}
}

@article{Ladyman2007ConnectionIrrev,
  title={The connection between logical and thermodynamic irreversibility},
  author={Ladyman, James and Presnell, Stuart and Short, Anthony J and Groisman, Berry},
  journal={Studies In History and Philosophy of Science Part B: Studies In History and Philosophy of Modern Physics},
  volume={38},
  number={1},
  pages={58--79},
  year={2007},
  publisher={Elsevier},
  doi={https://doi.org/10.1016/j.shpsb.2006.03.007}
}

@article{Ladyman2008UseofITEntropy,
  title={The use of the information-theoretic entropy in thermodynamics},
  author={Ladyman, James and Presnell, Stuart and Short, Anthony J},
  journal={Studies in History and Philosophy of Science Part B: Studies in History and Philosophy of Modern Physics},
  volume={39},
  number={2},
  pages={315--324},
  year={2008},
  publisher={Elsevier},
  doi={https://doi.org/10.1016/j.shpsb.2007.11.004}
}

@article{Leifer2013MaxEpist,
  title = {Maximally Epistemic Interpretations of the Quantum State and Contextuality},
  author = {Leifer, M. S. and Maroney, O. J. E.},
  journal = {Phys. Rev. Lett.},
  volume = {110},
  issue = {12},
  pages = {120401},
  numpages = {5},
  year = {2013},
  month = {Mar},
  publisher = {American Physical Society},
  doi = {10.1103/PhysRevLett.110.120401},
  url = {https://link.aps.org/doi/10.1103/PhysRevLett.110.120401}
}


@article{Leifer2014EpistemicBadDist,
  title={$\psi$-epistemic models are exponentially bad at explaining the distinguishability of quantum states},
  author={Leifer, Matthew S},
  journal={Physical review letters},
  volume={112},
  number={16},
  pages={160404},
  year={2014},
  publisher={APS}
}

@article{Leifer2014Review,
	author = {Matthew Leifer},
	title = {Is the Quantum State Real? An Extended Review of $\psi$-ontology Theorems},
	journal = {Quanta},
	volume = {3},
	number = {1},
	year = {2014},
	issn = {1314-7374},	pages = {67--155},
	doi = {10.12743/quanta.v3i1.22},
	url = {http://quanta.ws/ojs/index.php/quanta/article/view/22}
}

@article{Lewis2012Compatible,
  title = {Distinct Quantum States Can Be Compatible with a Single State of Reality},
  author = {Lewis, Peter G. and Jennings, David and Barrett, Jonathan and Rudolph, Terry},
  journal = {Phys. Rev. Lett.},
  volume = {109},
  issue = {15},
  pages = {150404},
  numpages = {5},
  year = {2012},
  month = {Oct},
  publisher = {American Physical Society},
  doi = {10.1103/PhysRevLett.109.150404},
  url = {https://link.aps.org/doi/10.1103/PhysRevLett.109.150404}
}

@article{Lidar1998Decoherence,
  title={Decoherence-free subspaces for quantum computation},
  author={Lidar, Daniel A and Chuang, Isaac L and Whaley, K Birgitta},
  journal={Physical Review Letters},
  volume={81},
  number={12},
  pages={2594},
  year={1998},
  publisher={APS}
}

@article{Maroney2012Statistical,
  title={How statistical are quantum states?},
  author={Maroney, Owen JE},
  journal={arXiv preprint arXiv:1207.6906},
  year={2012},
  url={https://arxiv.org/pdf/1207.6906.pdf}
}

@article{Moore1939Hand,
  title={Proof of an external world},
  author={Moore, George Edward},
  journal={Epistemology: An Anthology},
  pages={24--26},
  year={1939}
}

@article{Oldofredi2020Classification,
    title={On the Classification between $\psi$-Ontic and $\psi$-Epistemic Ontological Models?},
    author={Andrea Oldofredi and Cristian Lopez},
    year={2020},
    journal={arXiv preprint arXiv:2006.05853},
    primaryClass={physics.hist-ph},
    url={https://arxiv.org/pdf/2006.05853.pdf}
}

@article{Patra2013NoGo,
  title = {No-Go Theorems for $\ensuremath{\psi}$-Epistemic Models Based on a Continuity Assumption},
  author = {Patra, M. K. and Pironio, S. and Massar, S.},
  journal = {Phys. Rev. Lett.},
  volume = {111},
  issue = {9},
  pages = {090402},
  numpages = {4},
  year = {2013},
  month = {Aug},
  publisher = {American Physical Society},
  doi = {10.1103/PhysRevLett.111.090402},
  url = {https://link.aps.org/doi/10.1103/PhysRevLett.111.090402}
}

  %Attacks weak psi-epistemic models from yet another angle.
  
@article{Penrose1996Gravity,
  title={On gravity's role in quantum state reduction},
  author={Penrose, Roger},
  journal={General relativity and gravitation},
  volume={28},
  number={5},
  pages={581--600},
  year={1996},
  publisher={Springer},
  doi={10.1007/BF02105068}
}

@article{Pusey2012OnTheReality,
  title={On the reality of the quantum state},
  author={Pusey, Matthew F and Barrett, Jonathan and Rudolph, Terry},
  journal={Nature Physics},
  volume={8},
  number={6},
  pages={475},
  year={2012},
  publisher={Nature Publishing Group},
  doi={https://doi.org/10.1038/nphys2309}
}

@phdthesis{Pusey2013Quantum,
  title={Is quantum steering spooky?},
  author={Pusey, Matthew Fairbairn},
  year={2013},
  school={Imperial College, London}
}

@article{Rudolph2006Ontological,
  title={Ontological models for quantum mechanics and the Kochen-Specker theorem},
  author={Rudolph, Terry},
  journal={arXiv preprint quant-ph/0608120},
  year={2006},
  url={https://arxiv.org/abs/quant-ph/0608120}
}

@article{Ruebeck2020Epistemic,
    doi = {10.22331/q-2020-03-16-242},
  url = {https://doi.org/10.22331/q-2020-03-16-242},
  title = {{$ψ$}-epistemic interpretations of quantum theory have a measurement problem},
  author = {Ruebeck, Joshua B. and Lillystone, Piers and Emerson, Joseph},
  journal = {{Quantum}},
  issn = {2521-327X},
  publisher = {{Verein zur F{\"{o}}rderung des Open Access Publizierens in den Quantenwissenschaften}},
  volume = {4},
  pages = {242},
  month = Mar,
  year = {2020}
}
%Attacks weak psi-epistemic model again - supposedly without assumptions except Harrigan-Spekkens schema. 

@book{Sakurai2017Modern,
  title={Modern Quantum Mechanics},
  author={Sakurai, JJ and Napolitano, Jim},
  year={2017},
  publisher={Cambridge University Press}
}

@article{Salih2013CFComms,
  title={Protocol for direct counterfactual quantum communication},
  author={Salih, Hatim and Li, Zheng-Hong and Al-Amri, Mohammad and Zubairy, M Suhail},
  journal={Physical review letters},
  volume={110},
  number={17},
  pages={170502},
  year={2013},
  publisher={APS},
  doi={10.1103/PhysRevLett.110.170502}
}

@article{Schlosshauer2012Implications,
   title = {Implications of the Pusey-Barrett-Rudolph Quantum No-Go Theorem},
  author = {Schlosshauer, Maximilian and Fine, Arthur},
  journal = {Phys. Rev. Lett.},
  volume = {108},
  issue = {26},
  pages = {260404},
  numpages = {4},
  year = {2012},
  month = {Jun},
  publisher = {American Physical Society},
  doi = {10.1103/PhysRevLett.108.260404},
  url = {https://link.aps.org/doi/10.1103/PhysRevLett.108.260404}
}


@inproceedings{Schrodinger1935Separated,
  title={Discussion of probability relations between separated systems},
  author={Schr{\"o}dinger, Erwin},
  booktitle={Mathematical Proceedings of the Cambridge Philosophical Society},
  volume={31},
  number={4},
  pages={555--563},
  year={1935},
  organization={Cambridge University Press}
}

@incollection{Shimony1984Passion,
  title={Controllable and uncontrollable non-locality},
  author={Shimony, Abner},
  booktitle={Foundations of quantum mechanics in the light of new technology},
  pages={225--230},
  year={1984},
  editor={Kamefuchi, S and others},
  publisher={Physical Society of Japan},
  address={Tokyo}
}

@article{Shor1995Scheme,
  title={Scheme for reducing decoherence in quantum computer memory},
  author={Shor, Peter W},
  journal={Physical review A},
  volume={52},
  number={4},
  pages={R2493},
  year={1995},
  publisher={APS}
}

@article{Spekkens2005Contextuality,
  title = {Contextuality for preparations, transformations, and unsharp measurements},
  author = {Spekkens, R. W.},
  journal = {Phys. Rev. A},
  volume = {71},
  issue = {5},
  pages = {052108},
  numpages = {17},
  year = {2005},
  month = {May},
  publisher = {American Physical Society},
  doi = {10.1103/PhysRevA.71.052108},
  url = {https://link.aps.org/doi/10.1103/PhysRevA.71.052108}
}

@article{Spekkens2007EpistTot,
  title = {Evidence for the epistemic view of quantum states: A toy theory},
  author = {Spekkens, Robert W.},
  journal = {Phys. Rev. A},
  volume = {75},
  issue = {3},
  pages = {032110},
  numpages = {30},
  year = {2007},
  month = {Mar},
  publisher = {American Physical Society},
  doi = {10.1103/PhysRevA.75.032110},
  url = {https://link.aps.org/doi/10.1103/PhysRevA.75.032110}
}

@article{Wiseman2007Steering,
  title = {Steering, Entanglement, Nonlocality, and the Einstein-Podolsky-Rosen Paradox},
  author = {Wiseman, H. M. and Jones, S. J. and Doherty, A. C.},
  journal = {Phys. Rev. Lett.},
  volume = {98},
  issue = {14},
  pages = {140402},
  numpages = {4},
  year = {2007},
  month = {Apr},
  publisher = {American Physical Society},
  doi = {10.1103/PhysRevLett.98.140402},
  url = {https://link.aps.org/doi/10.1103/PhysRevLett.98.140402}
}

@article{Vaidman2014Determinism,
  title={Quantum theory and determinism},
  author={Vaidman, Lev},
  journal={Quantum Studies: Mathematics and Foundations},
  volume={1},
  number={1-2},
  pages={5--38},
  year={2014},
  publisher={Springer}
}
  %Section 7 discusses the meaning of the wavefunction.
  
@article{Wallace2010StateRealism,
  title={Quantum mechanics on spacetime I: Spacetime state realism},
  author={Wallace, David and Timpson, Christopher G},
  journal={The British journal for the philosophy of science},
  volume={61},
  number={4},
  pages={697--727},
  year={2010},
  publisher={Oxford University Press},
  doi={10.1093/bjps/axq010}
}  

@article{Zurek2003Decoherence,
  title={Decoherence, einselection, and the quantum origins of the classical},
  author={Zurek, Wojciech Hubert},
  journal={Reviews of modern physics},
  volume={75},
  number={3},
  pages={715},
  year={2003},
  publisher={APS}
}
