@article{twodim,
    author = "R. Blackwell and G. M. Kelly and A. J. Power",
    title = "Two-dimensional monad theory",
    journal = "Journal of Pure and Applied Algebra",
    volume = "59",
    number = "1",
    pages = "1-41",
    year = "1989",
    issn = "0022-4049",
    doi = "10.1016/0022-4049(89)90160-6" }
    
@incollection{Kelly_1974,
	doi = {10.1007/bfb0063101},
	url = {https://doi.org/10.1007\%2Fbfb0063101},
	year = 1974,
	publisher = {Springer Berlin Heidelberg},
	pages = {75--103},
	author = {G. M. Kelly and Ross Street},
	title = {Review of the elements of 2-categories},
	booktitle = {Category Seminar}
}



@article{naturalModels,
	doi = {10.1017/s0960129516000268},
	url = {https://doi.org/10.1017\%2Fs0960129516000268},
	year = 2016,
	month = {nov},
	publisher = {Cambridge University Press ({CUP})},
	volume = {28},
	number = {2},
	pages = {241--286},
	author = {STEVE AWODEY},
	title = {Natural models of homotopy type theory},
	journal = {Mathematical Structures in Computer Science}
}

@article{escard,
	doi = {10.1017/s0960129509990351},
	url = {https://doi.org/10.1017\%2Fs0960129509990351},
	year = 2010,
	month = {mar},
	publisher = {Cambridge University Press ({CUP})},
	volume = {20},
	number = {2},
	pages = {127--168},
	author = {MART{\'{I}}N ESCARD{\'{O}} and PAULO OLIVA},
	title = {Selection functions, bar recursion and backward induction},
	journal = {Mathematical Structures in Computer Science}
}

@article{seelyLCCC,
	doi = {10.1017/s0305004100061284},
	url = {https://doi.org/10.1017\%2Fs0305004100061284},
	year = 1984,
	month = {jan},
	publisher = {Cambridge University Press ({CUP})},
	volume = {95},
	number = {1},
	pages = {33--48},
	author = {R. A. G. Seely},
	title = {Locally cartesian closed categories and type theory},
	journal = {Mathematical Proceedings of the Cambridge Philosophical Society}
}

@InProceedings{cosmos,
    author="Street, Ross",
    editor="Kelly, Gregory M.",
    title="Elementary cosmoi I",
    booktitle="Category Seminar",
    year="1974",
    publisher="Springer Berlin Heidelberg",
    address="Berlin, Heidelberg",
    pages="134--180",
    isbn="978-3-540-37270-7"
}

@InProceedings{hml,
    author="Hennessy, Matthew
    and Milner, Robin",
    editor="de Bakker, Jaco
    and van Leeuwen, Jan",
    title="On observing nondeterminism and concurrency",
    booktitle="Automata, Languages and Programming",
    year="1980",
    publisher="Springer Berlin Heidelberg",
    address="Berlin, Heidelberg",
    pages="299--309",
    isbn="978-3-540-39346-7"
}



@misc{christinaThesis,
      title={Generalization of Algebraic Operations via Enrichment}, 
      author={Christina Vasilakopoulou},
      year={2014},
      eprint={1411.3038},
      archivePrefix={arXiv},
      primaryClass={math.CT}
}

@INPROCEEDINGS{abssyn,
    author={M. Fiore and G. Plotkin and D. Turi},
    booktitle={Proceedings, 14th Symposium on Logic in Computer Science},
    title={Abstract syntax and variable binding},
    year={1999}, volume={}, number={}, pages={193-202},} 

@book{jacobs,
	doi = {10.1016/s0049-237x(98)x8028-6},
	year = {1998},
	publisher = {Elsevier},
	address = {Amsterdam},
	author = {B. Jacobs},
	title = {Categorical Logic and Type Theory} }

@article{kelly,
    author = {Kelly, G.},
    year = {2005},
    title = {The Basic Concepts of Enriched Category Theory},
    volume = {10},
    journal = {Reprints in Theory and Applications of Categories},
    doi = {10.1112/blms/15.1.96},
    url = {http://www.tac.mta.ca/tac/reprints/articles/10/tr10abs.html} }
	
@article{lawvere,
	doi = {10.1073/pnas.50.5.869},
	year = 1963,
	volume = {50},
	number = {5},
	pages = {869--872},
	author = {F. W. Lawvere},
	title = {Functorial semantics of algebraic theories},
	journal = {Proceedings of the National Academy of Sciences},
	url = {http://tac.mta.ca/tac/reprints/articles/5/tr5abs.html}
}

@incollection{linton,
	doi = {10.1007/978-3-642-99902-4$\underline{\;\;}$3},
	year = 1966,
	publisher = {Springer},
	place = {Berlin},
	pages = {84-94},
	author = {F. E. J. Linton},
	title = {Some aspects of equational categories},
	booktitle = {Proceedings of the Conference on Categorical Algebra} }
    
    
@book{algthys,
	doi = {10.1017/cbo9780511760754.005},
	url = {https://doi.org/10.1017\%2Fcbo9780511760754.005},
	publisher = {Cambridge University Press},
	pages = {10--20},
	author = {J. Adamek and J. Rosicky and E. M. Vitale and F. W. Lawvere},
	title = {Algebraic Theories},
	year = {1994}
}

@incollection{soats,
	doi = {10.1007/978-3-642-15155-2_33},
	url = {https://doi.org/10.1007\%2F978-3-642-15155-2_33},
	year = 2010,
	publisher = {Springer Berlin Heidelberg},
	pages = {368--380},
	author = {Marcelo Fiore and Ola Mahmoud},
	title = {Second-Order Algebraic Theories},
	booktitle = {Mathematical Foundations of Computer Science 2010}
}

@inproceedings{polythy,
	doi = {10.1109/lics.2013.59},
	url = {https://doi.org/10.1109\%2Flics.2013.59},
	year = 2013,
	month = {jun},
	publisher = {{IEEE}},
	author = {Marcelo Fiore and Makoto Hamana},
	title = {Multiversal Polymorphic Algebraic Theories: Syntax, Semantics, Translations, and Equational Logic},
	booktitle = {2013 28th Annual {ACM}/{IEEE} Symposium on Logic in Computer Science}
}

@inproceedings{depthy,
	doi = {10.1109/lics.2008.38},
	url = {https://doi.org/10.1109\%2Flics.2008.38},
	year = 2008,
	month = {jun},
	publisher = {{IEEE}},
	author = {Marcelo Fiore},
	title = {Second-Order and Dependently-Sorted Abstract Syntax},
	booktitle = {2008 23rd Annual {IEEE} Symposium on Logic in Computer Science}
}

@article{genop,
	doi = {10.1007/s00029-017-0361-3},
	url = {https://doi.org/10.1007\%2Fs00029-017-0361-3},
	year = 2017,
	month = {nov},
	publisher = {Springer Science and Business Media {LLC}},
	volume = {24},
	number = {3},
	pages = {2791--2830},
	author = {M. Fiore and N. Gambino and M. Hyland and G. Winskel},
	title = {Relative pseudomonads, Kleisli bicategories, and substitution monoidal structures},
	journal = {Selecta Mathematica}
}

@article{refine,
	doi = {10.1145/2775051.2676970},
	url = {https://doi.org/10.1145\%2F2775051.2676970},
	year = 2015,
	month = {may},
	publisher = {Association for Computing Machinery ({ACM})},
	volume = {50},
	number = {1},
	pages = {3--16},
	author = {Paul-Andr{\'{e}} Melli{\`{e}}s and Noam Zeilberger},
	title = {Functors are Type Refinement Systems},
	journal = {{ACM} {SIGPLAN} Notices}
}

@misc{mongroth,
      title={Monoidal Grothendieck construction}, 
      author={Joe Moeller and Christina Vasilakopoulou},
      year={2020},
      eprint={1809.00727},
      archivePrefix={arXiv},
      primaryClass={math.CT}
}

@article{burstall,
title = "Some fundamental algebraic tools for the semantics of computation: Part 3. indexed categories",
journal = "Theoretical Computer Science",
volume = "91",
number = "2",
pages = "239 - 264",
year = "1991",
issn = "0304-3975",
doi = "https://doi.org/10.1016/0304-3975(91)90085-G",
url = "http://www.sciencedirect.com/science/article/pii/030439759190085G",
author = "Andrzej Tarlecki and Rod M. Burstall and Joseph A. Goguen",
}

@misc{enrfib,
      title={On Enriched Fibrations}, 
      author={Christina Vasilakopoulou},
      year={2018},
      eprint={1801.01386},
      archivePrefix={arXiv},
      primaryClass={math.CT}
}

@article{coc,
	doi = {10.1016/0890-5401(88)90005-3},
	url = {https://doi.org/10.1016\%2F0890-5401%2888%2990005-3},
	year = 1988,
	month = {feb},
	publisher = {Elsevier {BV}},
	volume = {76},
	number = {2-3},
	pages = {95--120},
	author = {Thierry Coquand and G{\'{e}}rard Huet},
	title = {The calculus of constructions},
	journal = {Information and Computation}
}

@misc{cocmodel,
	doi = {10.1090/conm/092/1003199},
	url = {https://doi.org/10.1090\%2Fconm%2F092%2F1003199},
	year = 1989,
	publisher = {American Mathematical Society},
	pages = {137--199},
	author = {J. Martin E. Hyland and Andrew M. Pitts},
	title = {The theory of constructions: categorical semantics and topos-theoretic models}
}

@book{leinster,
	doi = {10.1017/cbo9781107360068},
	url = {https://doi.org/10.1017\%2Fcbo9781107360068},
	year = 2009,
	publisher = {Cambridge University Press},
	author = {Tom Leinster},
	title = {Basic Category Theory}
}

@article{freeAdj,
     author = {Schanuel, Stephen and Street, Ross},
     title = {The free adjunction},
     journal = {Cahiers de Topologie et G\'eom\'etrie Diff\'erentielle Cat\'egoriques},
     pages = {81--83},
     publisher = {Dunod \'editeur, publi\'e avec le concours du CNRS},
     volume = {27},
     number = {1},
     year = {1986},
     zbl = {0592.18002},
     mrnumber = {845410},
     language = {en},
     url = {www.numdam.org/item/CTGDC_1986__27_1_81_0/}
}

@misc{frbicat,
      title={Framed bicategories and monoidal fibrations}, 
      author={Michael A. Shulman},
      year={2009},
      eprint={0706.1286},
      archivePrefix={arXiv},
      primaryClass={math.CT}
}

@article{graphreg,
    author = {B. Fong and D. Spivak},
    title = {Graphical Regular Logic},
    url = {https://arxiv.org/abs/1812.05765},
    year = {2018}
    }
    
@misc{kframe,
    title = {K Framework},
    url = {http://www.kframework.org/}}

@misc{typeguards,
    title = {Type Guards and Differentiating Types},
    url = {https://www.typescriptlang.org/docs/handbook/advanced-types.html#type-guards-and-differentiating-types}}
    
@misc{template,
    title = {Compile-time primes},
    url = {http://stoppels.blog/posts/compile-time-primes}}
    
@misc{haskellliquid,
    title = {Liquid Haskell},
    url = {https://github.com/ucsd-progsys/liquidhaskell}}
    
@misc{HaskellDo,
    title = {Haskell: monad do-notation},
    url = {https://wiki.haskell.org/Monad#do-notation}}

@misc{PythonList,
    title = {Data Structures â€” Python 3.9.1 documentation},
    url = {https://docs.python.org/3/tutorial/datastructures.html#list-comprehensions}}
    
@misc{ScalaFor,
    title = {Scala for-comprehensions and for-loops},
    url = {https://scala-lang.org/files/archive/spec/2.11/06-expressions.html#for-comprehensions-and-for-loops}}
    
@misc{haskellrefinement,
    title = {Announcing the refinement types library},
    url = {http://nikita-volkov.github.io/refined/}}
    
@misc{hoogle,
    title = {Hoogle},
    url = {https://hoogle.haskell.org/}}
    
@misc{ghkframe,
    title = {GitHub: K Framework},
    url = {https://github.com/kframework}}
    
@incollection{hoare,
	doi = {10.1007/978-1-4612-6315-9_9},
	url = {https://doi.org/10.1007\%2F978-1-4612-6315-9_9},
	year = 1978,
	publisher = {Springer New York},
	pages = {89--100},
	author = {C. A. R. Hoare},
	title = {An Axiomatic Basis for Computer Programming},
	booktitle = {Programming Methodology}
}

@inproceedings{WadlerComprehendingMonads,
	doi = {10.1145/91556.91592},
	url = {https://doi.org/10.1145\%2F91556.91592},
	year = 1990,
	publisher = {{ACM} Press},
	author = {Philip Wadler},
	title = {Comprehending monads},
	booktitle = {Proceedings of the 1990 {ACM} conference on {LISP} and functional programming  - {LFP} {\textquotesingle}90}
}

@misc{selingerLambda,
      title={Lecture notes on the lambda calculus}, 
      author={Peter Selinger},
      year={2013},
      eprint={0804.3434},
      archivePrefix={arXiv},
      primaryClass={cs.LO}
}

@article{kelly-operads,
    author = {G. M. Kelly},
    year = {2005},
    month = {01},
    pages = {},
    title = {On the Operads of J.P. May},
    volume = {2005},
    journal = {Theory and Applications of Categories}
}

@article{hyper,
	doi = {10.1111/j.1746-8361.1969.tb01194.x},
	url = {https://doi.org/10.1111\%2Fj.1746-8361.1969.tb01194.x},
	year = 1969,
	month = {dec},
	publisher = {Wiley},
	volume = {23},
	number = {3-4},
	pages = {281--296},
	author = {F. William Lawvere},
	title = {Adjointness in Foundations},
	journal = {dialectica}
}

@article{holog,
	doi = {10.2307/2274784},
	url = {https://doi.org/10.2307\%2F2274784},
	year = 1989,
	month = {sep},
	publisher = {Cambridge University Press ({CUP})},
	volume = {54},
	number = {3},
	pages = {1113},
	author = {J. L. Bell and J. Lambek and P. J. Scott},
	title = {Introduction to Higher Order Categorical Logic.},
	journal = {The Journal of Symbolic Logic}
}

@book{sheavesinGL,
	doi = {10.1007/978-1-4612-0927-0},
	url = {https://doi.org/10.1007\%2F978-1-4612-0927-0},
	year = 1994,
	publisher = {Springer New York},
	author = {Saunders Mac Lane and Ieke Moerdijk},
	title = {Sheaves in Geometry and Logic}
}

@incollection{polyadic,
	doi = {10.1007/978-3-642-58041-3_6},
	url = {https://doi.org/10.1007\%2F978-3-642-58041-3_6},
	year = 1993,
	publisher = {Springer Berlin Heidelberg},
	pages = {203--246},
	author = {Robin Milner},
	title = {The Polyadic $\uppi$-Calculus: a Tutorial},
	booktitle = {Logic and Algebra of Specification}
}

@article{pical,
	doi = {10.1016/s0167-6423(00)00008-3},
	url = {https://doi.org/10.1016\%2Fs0167-6423\%2800\%2900008-3},
	year = 2000,
	month = {aug},
	publisher = {Elsevier {BV}},
	volume = {38},
	number = {1-3},
	pages = {151--153},
	author = {Davide Sangiorgi},
	title = {Communicating and Mobile Systems: the $\uppi$-calculus,},
	journal = {Science of Computer Programming}
}

@incollection{namespace,
	doi = {10.1007/11580850_19},
	url = {https://doi.org/10.1007\%2F11580850_19},
	year = 2005,
	publisher = {Springer Berlin Heidelberg},
	pages = {353--369},
	author = {L. G. Meredith and Matthias Radestock},
	title = {Namespace Logic: A Logic for a Reflective Higher-Order Calculus},
	booktitle = {Trustworthy Global Computing}
}

@article{rhocal,
	doi = {10.1016/j.entcs.2005.05.016},
	url = {https://doi.org/10.1016\%2Fj.entcs.2005.05.016},
	year = 2005,
	month = {dec},
	publisher = {Elsevier {BV}},
	volume = {141},
	number = {5},
	pages = {49--67},
	author = {L.G. Meredith and Matthias Radestock},
	title = {A Reflective Higher-order Calculus},
	journal = {Electronic Notes in Theoretical Computer Science}
}

@article{moggi,
	doi = {10.1016/0890-5401(91)90052-4},
	url = {https://doi.org/10.1016\%2F0890-5401\%2891\%2990052-4},
	year = 1991,
	month = {jul},
	publisher = {Elsevier {BV}},
	volume = {93},
	number = {1},
	pages = {55--92},
	author = {Eugenio Moggi},
	title = {Notions of computation and monads},
	journal = {Information and Computation}
}

@article{hoat,
    title = {Higher-order algebraic theories},
    url = {https://www.cl.cam.ac.uk/~na412/Higher-order\%20algebraic\%20theories.pdf}}

@misc{rchain,
    title = {RChain},
    url = {https://www.rchain.coop/}}
    
@misc{google,
    title = {Google Closure Compiler},
    url = {https://developers.google.com/closure/compiler}}
    
@misc{microsoft,
    title = {Microsoft TypeScript},
    url = {https://www.typescriptlang.org/}}
    
@misc{facebook,
    title = {Flow: A Static Type Checker for Javascript},
    url = {https://flow.org/}}
    
@misc{spatial,
    title = {A Spatial Logic Model Checker},
    url = {http://ctp.di.fct.unl.pt/SLMC/}}
    
@incollection{caires,
	doi = {10.1007/978-3-540-24727-2_7},
	url = {https://doi.org/10.1007%2F978-3-540-24727-2_7},
	year = 2004,
	publisher = {Springer Berlin Heidelberg},
	pages = {72--89},
	author = {Lu{\'{\i}}s Caires},
	title = {Behavioral and Spatial Observations in a Logic for the $\uppi$-Calculus},
	booktitle = {Lecture Notes in Computer Science}
}
    
@inproceedings{matchlog,
	doi = {10.1109/lics.2019.8785675},
	url = {https://doi.org/10.1109\%2Flics.2019.8785675},
	year = 2019,
	month = {jun},
	publisher = {{IEEE}},
	author = {Xiaohong Chen and Grigore Rosu},
	title = {Matching $\upmu$-Logic},
	booktitle = {2019 34th Annual {ACM}/{IEEE} Symposium on Logic in Computer Science ({LICS})}
}

@incollection{param,
	doi = {10.1007/978-3-642-37075-5_26},
	url = {https://doi.org/10.1007\%2F978-3-642-37075-5_26},
	year = 2013,
	publisher = {Springer Berlin Heidelberg},
	pages = {401--417},
	author = {Sam Staton},
	title = {An Algebraic Presentation of Predicate Logic},
	booktitle = {Lecture Notes in Computer Science}
}

@inproceedings{opsem,
	doi = {10.1109/lics.1997.614955},
	url = {https://doi.org/10.1109\%2Flics.1997.614955},
	publisher = {{IEEE} Comput. Soc},
	author = {D. Turi and G. Plotkin},
	title = {Towards a mathematical operational semantics},
	booktitle = {Proceedings of Twelfth Annual {IEEE} Symposium on Logic in Computer Science}
}

@article{coqTypeCheck,
author = {Sozeau, Matthieu and Boulier, Simon and Forster, Yannick and Tabareau, Nicolas and Winterhalter, Th\'{e}o},
title = {Coq Coq Correct! Verification of Type Checking and Erasure for Coq, in Coq},
year = {2019},
issue_date = {January 2020},
publisher = {Association for Computing Machinery},
address = {New York, NY, USA},
volume = {4},
number = {POPL},
url = {https://doi.org/10.1145/3371076},
doi = {10.1145/3371076},
journal = {Proc. ACM Program. Lang.},
month = dec,
articleno = {8},
numpages = {28},
keywords = {certification, type checker, proof assistants}
}

@misc{ocaps,
      title={Policy as Types}, 
      author={Lucius G Meredith and Mike Stay and Sophia Drossopoulou},
      year={2013},
      eprint={1307.7766},
      archivePrefix={arXiv},
      primaryClass={cs.CR}
}

@misc{unsound,
    title = {TypeScript: A Note on Soundness},
    url = {https://www.typescriptlang.org/docs/handbook/type-compatibility.html#function-parameter-bivariance}}

@article{buckley,
	doi = {10.1016/j.jpaa.2013.11.002},
	url = {https://doi.org/10.1016\%2Fj.jpaa.2013.11.002},
	year = 2014,
	month = {jun},
	publisher = {Elsevier {BV}},
	volume = {218},
	number = {6},
	pages = {1034--1074},
	author = {Mitchell Buckley},
	title = {Fibred 2-categories and bicategories},
	journal = {Journal of Pure and Applied Algebra}
}

@incollection{hur,
	doi = {10.1007/978-3-642-15205-4_26},
	url = {https://doi.org/10.1007\%2F978-3-642-15205-4_26},
	year = 2010,
	publisher = {Springer Berlin Heidelberg},
	pages = {320--335},
	author = {Marcelo Fiore and Chung-Kil Hur},
	title = {Second-Order Equational Logic (Extended Abstract)},
	booktitle = {Computer Science Logic}
}

@article{hylandpower,
	doi = {10.1016/j.entcs.2007.02.019},
	url = {https://doi.org/10.1016\%2Fj.entcs.2007.02.019},
	year = 2007,
	month = {apr},
	publisher = {Elsevier {BV}},
	volume = {172},
	pages = {437--458},
	author = {Martin Hyland and John Power},
	title = {The Category Theoretic Understanding of Universal Algebra: Lawvere Theories and Monads},
	journal = {Electronic Notes in Theoretical Computer Science}
}

@PhdThesis{RobustComposition,
    author  = {Mark Samuel Miller},
    title   = {Robust Composition: Towards a Unified Approach to 
               Access Control and Concurrency Control},
    year    = {2006},
    month   = {May},
    school  = {Johns Hopkins University},
    address = {Baltimore, Maryland, USA}
}

@INPROCEEDINGS{BaillotTerui,
    author = {Patrick Baillot and Kazushige Terui},
    title = {Light types for polynomial time computation in lambda-calculus},
    booktitle = {In Proc. of LICS 2004},
    year = {2004},
    pages = {266--275},
    publisher = {IEEE Computer Society}
}

@article{boff,
author = {Street, Ross},
year = {2004},
month = {10},
pages = {},
title = {Categorical and Combinatorial Aspects of Descent Theory: Categorical Descent Theory (Guest Editors: George Janelidze, Bodo Pareigis and Walter Tholen)},
volume = {12},
journal = {Applied Categorical Structures},
doi = {10.1023/B:APCS.0000049317.24861.36}
}

@inproceedings{ProofAsProcess,
  title = "Proofs as Processes",
  author = "S. Abramsky",
  year = "1994",
  booktitle = "J. Theoretical Computer Science",
  pages = "5-9",
  volume = "135",
}

@misc{CEL,
    title = {Concurrency model and the event loop},
    url = {https://developer.mozilla.org/en-US/docs/Web/JavaScript/EventLoop}}
    
@misc{RVMatch,
    title = {RV-Match},
    url = {https://runtimeverification.com/match/}}
