% Encoding: UTF-8
@comment{x-kbibtex-encoding=utf-8}




@article{extension-systems,
	author = "Marmolejo, F. and Wood, R. J.",
	journal = "Theory and Applications of Categories",
	number = "4",
	pages = "84–113",
	title = "Monads as extension systems",
	volume = "24",
	year = "2010"
}

@book{maclane,
	author = "{Mac Lane}, Saunders",
	publisher = "Springer",
	title = "Categories for the Working Mathematician",
	year = "2000"
}

@phdthesis{thesis,
	author = "Perrone, Paolo",
	addendum = "Available at \href{http://www.paoloperrone.org/phdthesis.pdf}{paoloperrone.org/phdthesis.pdf}",
	school = "University of Leipzig",
	title = "Categorical Probability and Stochastic Dominance in Metric Spaces",
	year = "2018"
}

@unpublished{lawveremonad,
	author = "Lawvere, F.W.",
	addendum = "\href{https://ncatlab.org/nlab/files/lawvereprobability1962.pdf}{Available at nlab}",
	title = "The category of probabilistic mappings with applications to stochastic processes, statistics, and pattern recognition",
	year = "1962"
}

@incollection{girymonad,
	author = "Giry, {Michèle}",
	booktitle = "{Lecture Notes in Mathematics 915: Categorical Aspects of Topology and Analysis}",
	pages = "68-85",
	publisher = "Springer",
	title = "A categorical approach to probability theory",
	year = "1982"
}

@book{ctcontext,
    author = "Riehl, Emily",
    title = "Category theory in context",
    publisher = "Dover",
    year = "2016",
    addendum = "Available \href{http://www.math.jhu.edu/~eriehl/context.pdf}{here}"
}

@book{sevensketches,
    author = "Fong, Brendan and Spivak, David I.",
    title = "An invitation to applied category theory: seven sketches in compositionality",
    publisher = "Cambridge University Press",
    year = "2019",
    addendum = "Available at \href{https://arxiv.org/abs/1803.05316}{arXiv:1803.05316}"
}

@book{borceux,
    author = "Borceux, Francis",
    title = "Handbook of categorical algebra",
    publisher = "Cambridge University Press",
    year = "1994"
}

@misc{shulman-sets,
	author = "Shulman, Michael A.",
	title = "Set theory for category theory",
	year = "2008",
    addendum = "Available at \href{https://arxiv.org/abs/0810.1279}{arXiv:0810.1279}"
}

@misc{marsden-string,
	author = "Marsden, Daniel",
	title = "Category Theory Using String Diagrams",
	year = "2014",
    addendum = "Available at \href{https://arxiv.org/abs/1401.7220}{arXiv:1401.7220}"
}

@incollection{selinger-graph,
	author = "Selinger, Peter",
	booktitle = "New Structures for Physics",
	pages = " 289--355 ",
	publisher = "Springer",
	title = "A Survey of Graphical Languages for Monoidal Categories",
	year = "2010"
}

@article{geotens1,
	author = "Joyal, {André} and Street, Ross",
	journal = "Advances in Mathematics",
	issue = "1",
	pages = "55-112",
	title = "The geometry of tensor calculus, I",
	volume = "88",
	year = "1991"
}

@book{coecke-quantum,
    author = "Coecke, Bob and Kissinger, Aleks",
    title = "Picturing Quantum Processes. A First Course in Quantum Theory and Diagrammatic Reasoning",
    publisher = "Cambridge University Press",
    year = "2017"
}

@misc{riehl-ssets,
	author = "Riehl, Emily",
	title = "A leisurely introduction to simplicial sets",
    addendum = "Available \href{http://www.math.jhu.edu/~eriehl/ssets.pdf}{here}"
}

@book{riehl-cathom,
	author = "Riehl, Emily",
	title = "Categorical Homotopy Theory",
	publisher = "Cambridge University Press",
    year = "2014",
    addendum = "Available \href{http://www.math.jhu.edu/~eriehl/cathtpy.pdf}{here}"
}

@book{may-at,
	author = "May, J. P.",
	title = "A Concise Course in Algebraic Topology",
	publisher = "University of Chicago Press",
    year = "1999",
    addendum = "Available \href{https://www.math.uchicago.edu/~may/CONCISE/ConciseRevised.pdf}{here}"
}

@book{joycats,
	author = "Adámek, Jiří and Herrlich, Horst and Strecker, George",
	title = "Abstract and concrete categories: the joy of cats",
	publisher = "Wiley",
    year = "1990",
    addendum = "Available \href{http://www.tac.mta.ca/tac/reprints/articles/17/tr17.pdf}{here}"
}

@book{hatcher,
	author = "Hatcher, Allan",
	title = "Algebraic Topology",
	publisher = "Cambridge University Press",
    year = "2002",
    addendum = "Available \href{http://pi.math.cornell.edu/~hatcher/AT/ATpage.html}{here}"
}
