@article{Bekenstein:1972tm,
    author = "Bekenstein, J.D.",
    title = "{Black holes and the second law}",
    doi = "10.1007/BF02757029",
    journal = "Lett. Nuovo Cim.",
    volume = "4",
    pages = "737--740",
    year = "1972"
}

@article{Bekenstein:1973ur,
    author = "Bekenstein, Jacob D.",
    title = "{Black holes and entropy}",
    doi = "10.1103/PhysRevD.7.2333",
    journal = "Phys. Rev. D",
    volume = "7",
    pages = "2333--2346",
    year = "1973"
}

@article{Bekenstein:1974ax,
    author = "Bekenstein, Jacob D.",
    title = "{Generalized second law of thermodynamics in black hole physics}",
    doi = "10.1103/PhysRevD.9.3292",
    journal = "Phys. Rev. D",
    volume = "9",
    pages = "3292--3300",
    year = "1974"
}


% replaces hawking1975,
@article{Hawking:1974sw,
    author = "Hawking, S.W.",
    editor = "Gibbons, G.W. and Hawking, S.W.",
    title = "{Particle Creation by Black Holes}",
    doi = "10.1007/BF02345020",
    journal = "Commun. Math. Phys.",
    volume = "43",
    pages = "199--220",
    year = "1975",
    note = "[Erratum: Commun.Math.Phys. 46, 206 (1976)]"
}

@article{Hawking:1974rv,
    author = "Hawking, S.W.",
    title = "{Black hole explosions}",
    doi = "10.1038/248030a0",
    journal = "Nature",
    volume = "248",
    pages = "30--31",
    year = "1974"
}

@article{Hawking:1976ra,
    author = "Hawking, S.W.",
    title = "{Breakdown of Predictability in Gravitational Collapse}",
    doi = "10.1103/PhysRevD.14.2460",
    journal = "Phys. Rev. D",
    volume = "14",
    pages = "2460--2473",
    year = "1976"
}

@article{Hawking:1976de,
    author = "Hawking, S.W.",
    title = "{Black Holes and Thermodynamics}",
    doi = "10.1103/PhysRevD.13.191",
    journal = "Phys. Rev. D",
    volume = "13",
    pages = "191--197",
    year = "1976"
}


@article{Jiang:2018nzg,
      author         = "Jiang, Jie and Liu, Xiangjing",
      title          = "{Circuit Complexity for Fermionic Thermofield Double states}",
      journal        = "Phys. Rev.",
      volume         = "D99",
      year           = "2019",
      number         = "2",
      pages          = "026011",
      doi            = "10.1103/PhysRevD.99.026011",
      eprint         = "1812.00193",
      archivePrefix  = "arXiv",
      primaryClass   = "hep-th",
      SLACcitation   = "%%CITATION = ARXIV:1812.00193;%%"
}

@article{terhal2002entanglement,
  title={The entanglement of purification},
  author={Terhal, Barbara M and Horodecki, Micha{\l} and Leung, Debbie W and DiVincenzo, David P},
  journal={Journal of Mathematical Physics},
  volume={43},
  number={9},
  pages={4286--4298},
  year={2002},
  publisher={AIP}
}

@article{Takayanagi:2011zk,
      author         = "Takayanagi, Tadashi",
      title          = "{Holographic Dual of BCFT}",
      journal        = "Phys. Rev. Lett.",
      volume         = "107",
      year           = "2011",
      pages          = "101602",
      doi            = "10.1103/PhysRevLett.107.101602",
      eprint         = "1105.5165",
      archivePrefix  = "arXiv",
      primaryClass   = "hep-th",
      reportNumber   = "IPMU11-0091",
      SLACcitation   = "%%CITATION = ARXIV:1105.5165;%%"
}

@article{Fujita:2011fp,
    author = "Fujita, Mitsutoshi and Takayanagi, Tadashi and Tonni, Erik",
    title = "{Aspects of AdS/BCFT}",
    eprint = "1108.5152",
    archivePrefix = "arXiv",
    primaryClass = "hep-th",
    reportNumber = "IPMU-11-0136, MIT-CTP-4289",
    doi = "10.1007/JHEP11(2011)043",
    journal = "JHEP",
    volume = "11",
    pages = "043",
    year = "2011"
}

@article{Araki:1970ba,
      author         = "Araki, H. and Lieb, E. H.",
      title          = "{Entropy inequalities}",
      journal        = "Commun. Math. Phys.",
      volume         = "18",
      year           = "1970",
      pages          = "160-170",
      doi            = "10.1007/BF01646092",
      SLACcitation   = "%%CITATION = CMPHA,18,160;%%"
}


@article{Arvind:1995ab,
      author         = "Arvind and Dutta, B. and Mukunda, N. and Simon, R.",
      title          = "{The Real symplectic groups in quantum mechanics and
                        optics}",
      journal        = "Pramana",
      volume         = "45",
      year           = "1995",
      pages          = "471",
      doi            = "10.1007/BF02848172",
      eprint         = "quant-ph/9509002",
      archivePrefix  = "arXiv",
      primaryClass   = "quant-ph",
      SLACcitation   = "%%CITATION = QUANT-PH/9509002;%%"
}


@article{future1,
      author         = "Chapman, Shira and  Hernandez, Juan~P. and Myers, Robert~C. and Ruan, Shan-Ming",
      title          = "{Holographic Complexity and Boundary Counterterms}",
      journal        = "work in progress",
}



@article{PhysRevA.71.055801,
  title = {Squeezing as an irreducible resource},
  author = {Braunstein, Samuel L.},
  journal = {Phys. Rev. A},
  volume = {71},
  issue = {5},
  pages = {055801},
  numpages = {4},
  year = {2005},
  month = {May},
  publisher = {American Physical Society},
  doi = {10.1103/PhysRevA.71.055801},
  url = {https://link.aps.org/doi/10.1103/PhysRevA.71.055801}
}

@article{Couch:2016exn,
      author         = "Couch, Josiah and Fischler, Willy and Nguyen, Phuc H.",
      title          = "{Noether charge, black hole volume, and complexity}",
      journal        = "JHEP",
      volume         = "03",
      year           = "2017",
      pages          = "119",
      doi            = "10.1007/JHEP03(2017)119",
      eprint         = "1610.02038",
      archivePrefix  = "arXiv",
      primaryClass   = "hep-th",
      reportNumber   = "UTTG-16-16",
      SLACcitation   = "%%CITATION = ARXIV:1610.02038;%%"
}


@article{NonLocal,
      author         = "Fu, Zicao and Maloney, Alexander and Marolf, Donald and
                        Maxfield, Henry and Wang, Zhencheng",
      title          = "{Holographic complexity is nonlocal}",
      journal        = "JHEP",
      volume         = "02",
      year           = "2018",
      pages          = "072",
      doi            = "10.1007/JHEP02(2018)072",
      eprint         = "1801.01137",
      archivePrefix  = "arXiv",
      primaryClass   = "hep-th",
      SLACcitation   = "%%CITATION = ARXIV:1801.01137;%%"
}

@article{Bhattacharya:2019zkb,
      author         = "Bhattacharya, Aranya and Grosvenor, Kevin T. and Roy,
                        Shibaji",
      title          = "{Higher-Order Corrections to Holographic Entanglement
                        Entropy and Subregion Complexity in the AdS Black Hole
                        Background}",
      year           = "2019",
      eprint         = "1905.02220",
      archivePrefix  = "arXiv",
      primaryClass   = "hep-th",
      SLACcitation   = "%%CITATION = ARXIV:1905.02220;%%"
}


@article{Casini:2011kv,
      author         = "Casini, Horacio and Huerta, Marina and Myers, Robert C.",
      title          = "{Towards a derivation of holographic entanglement
                        entropy}",
      journal        = "JHEP",
      volume         = "05",
      year           = "2011",
      pages          = "036",
      doi            = "10.1007/JHEP05(2011)036",
      eprint         = "1102.0440",
      archivePrefix  = "arXiv",
      primaryClass   = "hep-th",
      SLACcitation   = "%%CITATION = ARXIV:1102.0440;%%"
}


@article{Faulkner:2013ica,
      author         = "Faulkner, Thomas and Guica, Monica and Hartman, Thomas
                        and Myers, Robert C. and Van Raamsdonk, Mark",
      title          = "{Gravitation from Entanglement in Holographic CFTs}",
      journal        = "JHEP",
      volume         = "03",
      year           = "2014",
      pages          = "051",
      doi            = "10.1007/JHEP03(2014)051",
      eprint         = "1312.7856",
      archivePrefix  = "arXiv",
      primaryClass   = "hep-th",
      SLACcitation   = "%%CITATION = ARXIV:1312.7856;%%"
}


@article{Vaidya1,
      author         = "Chapman, Shira and Marrochio, Hugo and Myers, Robert C.",
      title          = "{Holographic complexity in Vaidya spacetimes. Part I}",
      journal        = "JHEP",
      volume         = "06",
      year           = "2018",
      pages          = "046",
      doi            = "10.1007/JHEP06(2018)046",
      eprint         = "1804.07410",
      archivePrefix  = "arXiv",
      primaryClass   = "hep-th",
      SLACcitation   = "%%CITATION = ARXIV:1804.07410;%%"
}




@article{Vaidya2,
      author         = "Chapman, Shira and Marrochio, Hugo and Myers, Robert C.",
      title          = "{Holographic complexity in Vaidya spacetimes. Part II}",
      journal        = "JHEP",
      volume         = "06",
      year           = "2018",
      pages          = "114",
      doi            = "10.1007/JHEP06(2018)114",
      eprint         = "1805.07262",
      archivePrefix  = "arXiv",
      primaryClass   = "hep-th",
      SLACcitation   = "%%CITATION = ARXIV:1805.07262;%%"
}



@article{Brown:1986nw,
      author         = "Brown, J. David and Henneaux, M.",
      title          = "{Central Charges in the Canonical Realization of
                        Asymptotic Symmetries: An Example from Three-Dimensional
                        Gravity}",
      journal        = "Commun. Math. Phys.",
      volume         = "104",
      year           = "1986",
      pages          = "207-226",
      doi            = "10.1007/BF01211590",
      SLACcitation   = "%%CITATION = CMPHA,104,207;%%"
}

@article{Buchel:2009sk,
      author         = "Buchel, Alex and Escobedo, Jorge and Myers, Robert C. and Paulos, Miguel F. and Sinha, Aninda and Smolkin, Michael",
      title          = "{Holographic GB gravity in arbitrary dimensions}",
      journal        = "JHEP",
      volume         = "03",
      year           = "2010",
      pages          = "111",
      doi            = "10.1007/JHEP03(2010)111",
      eprint         = "0911.4257",
      archivePrefix  = "arXiv",
      primaryClass   = "hep-th",
      reportNumber   = "UWO-TH-09-16",
      SLACcitation   = "%%CITATION = ARXIV:0911.4257;%%"
}


@article{Abt:2017pmf,
      author         = "Abt, Raimond and Erdmenger, Johanna and Hinrichsen, Haye
                        and Melby-Thompson, Charles M. and Meyer, Rene and Northe, Christian and Reyes, Ignacio A.",
      title          = "{Topological Complexity in AdS$_3$/CFT$_2$}",
      journal        = "Fortsch. Phys.",
      volume         = "66",
      year           = "2018",
      number         = "6",
      pages          = "1800034",
      doi            = "10.1002/prop.201800034",
      eprint         = "1710.01327",
      archivePrefix  = "arXiv",
      primaryClass   = "hep-th",
      SLACcitation   = "%%CITATION = ARXIV:1710.01327;%%"
}



%replaces PhysRevD.15.2752
@article{Gibbons:1976ue,
      author         = "Gibbons, G. W. and Hawking, S. W.",
      title          = "{Action Integrals and Partition Functions in Quantum
                        Gravity}",
      journal        = "Phys. Rev.",
      volume         = "D15",
      year           = "1977",
      pages          = "2752-2756",
      doi            = "10.1103/PhysRevD.15.2752",
      reportNumber   = "PRINT-76-0995 (CAMBRIDGE)",
      SLACcitation   = "%%CITATION = PHRVA,D15,2752;%%"
}

@article{York:1972sj,
      author         = "York, Jr., James W.",
      title          = "{Role of conformal three geometry in the dynamics of
                        gravitation}",
      journal        = "Phys. Rev. Lett.",
      volume         = "28",
      year           = "1972",
      pages          = "1082-1085",
      doi            = "10.1103/PhysRevLett.28.1082",
      SLACcitation   = "%%CITATION = PRLTA,28,1082;%%"
}




@article{Hayward1993,
	Author = {Hayward, Geoff},
	Doi = {10.1103/PhysRevD.47.3275},
	Issue = {8},
	Journal = {Phys. Rev. D},
	Month = {Apr},
	Numpages = {0},
	Pages = {3275--3280},
	Publisher = {American Physical Society},
	Title = {Gravitational action for spacetimes with nonsmooth boundaries},
	Url = {https://link.aps.org/doi/10.1103/PhysRevD.47.3275},
	Volume = {47},
	Year = {1993},
	Bdsk-Url-1 = {https://link.aps.org/doi/10.1103/PhysRevD.47.3275},
	Bdsk-Url-2 = {http://dx.doi.org/10.1103/PhysRevD.47.3275}}





@article{Ryu:2006ef,
      author         = "Ryu, Shinsei and Takayanagi, Tadashi",
      title          = "{Aspects of Holographic Entanglement Entropy}",
      journal        = "JHEP",
      volume         = "08",
      year           = "2006",
      pages          = "045",
      doi            = "10.1088/1126-6708/2006/08/045",
      eprint         = "hep-th/0605073",
      archivePrefix  = "arXiv",
      primaryClass   = "hep-th",
      reportNumber   = "NSF-KITP-06-31, KUNS-2021",
      SLACcitation   = "%%CITATION = HEP-TH/0605073;%%"
}


@article{Ryu:2006bv,
      author         = "Ryu, Shinsei and Takayanagi, Tadashi",
      title          = "{Holographic derivation of entanglement entropy from
                        AdS/CFT}",
      journal        = "Phys. Rev. Lett.",
      volume         = "96",
      year           = "2006",
      pages          = "181602",
      doi            = "10.1103/PhysRevLett.96.181602",
      eprint         = "hep-th/0603001",
      archivePrefix  = "arXiv",
      primaryClass   = "hep-th",
      reportNumber   = "NSF-KITP-06-11",
      SLACcitation   = "%%CITATION = HEP-TH/0603001;%%"
}


@article{Dong:2016hjy,
      author         = "Dong, Xi and Lewkowycz, Aitor and Rangamani, Mukund",
      title          = "{Deriving covariant holographic entanglement}",
      journal        = "JHEP",
      volume         = "11",
      year           = "2016",
      pages          = "028",
      doi            = "10.1007/JHEP11(2016)028",
      eprint         = "1607.07506",
      archivePrefix  = "arXiv",
      primaryClass   = "hep-th",
      SLACcitation   = "%%CITATION = ARXIV:1607.07506;%%"
}

@article{Hubeny:2007xt,
      author         = "Hubeny, Veronika E. and Rangamani, Mukund and Takayanagi,
                        Tadashi",
      title          = "{A Covariant holographic entanglement entropy proposal}",
      journal        = "JHEP",
      volume         = "07",
      year           = "2007",
      pages          = "062",
      doi            = "10.1088/1126-6708/2007/07/062",
      eprint         = "0705.0016",
      archivePrefix  = "arXiv",
      primaryClass   = "hep-th",
      reportNumber   = "DCPT-07-13, KUNS-2069",
      SLACcitation   = "%%CITATION = ARXIV:0705.0016;%%"
}


@article{EW1,
      author         = "Czech, Bartlomiej and Karczmarek, Joanna L. and Nogueira, Fernando and Van Raamsdonk, Mark",
      title          = "{The Gravity Dual of a Density Matrix}",
      journal        = "Class. Quant. Grav.",
      volume         = "29",
      year           = "2012",
      pages          = "155009",
      doi            = "10.1088/0264-9381/29/15/155009",
      eprint         = "1204.1330",
      archivePrefix  = "arXiv",
      primaryClass   = "hep-th",
      SLACcitation   = "%%CITATION = ARXIV:1204.1330;%%"
}


@article{EW2,
      author         = "Headrick, Matthew and Hubeny, Veronika E. and Lawrence,  Albion and Rangamani, Mukund",
      title          = "{Causality \& holographic entanglement entropy}",
      journal        = "JHEP",
      volume         = "12",
      year           = "2014",
      pages          = "162",
      doi            = "10.1007/JHEP12(2014)162",
      eprint         = "1408.6300",
      archivePrefix  = "arXiv",
      primaryClass   = "hep-th",
      reportNumber   = "DCPT-14-33, BRX-TH-6284",
      SLACcitation   = "%%CITATION = ARXIV:1408.6300;%%"
}

@article{Volume1,
      author         = "Susskind, Leonard",
      title          = "{Computational Complexity and Black Hole Horizons; Addendum to Computational Complexity and Black Hole Horizons}",
      journal        = "Fortsch. Phys.",
      volume         = "64",
      year           = "2016",
      pages          = "24-43, Addendum: 44-48",
      doi            = "10.1002/prop.201500093; 10.1002/prop.201500092",
      note           = "[Fortsch. Phys.64,24(2016)]",
      eprint         = "arXiv:1402.5674,1403.5695",
      archivePrefix  = "arXiv",
      primaryClass   = "hep-th",
      reportNumber   = "1403.5695",
      SLACcitation   = "%%CITATION = ARXIV:1403.5695;%%"
}


@article{Volume2,
	Archiveprefix = {arXiv},
	Author = {Stanford, Douglas and Susskind, Leonard},
	Doi = {10.1103/PhysRevD.90.126007},
	Eprint = {1406.2678},
	Journal = {Phys. Rev.},
	Number = {12},
	Pages = {126007},
	Primaryclass = {hep-th},
	Slaccitation = {%%CITATION = ARXIV:1406.2678;%%},
	Title = {{Complexity and Shock Wave Geometries}},
	Volume = {D90},
	Year = {2014},
	Bdsk-Url-1 = {http://dx.doi.org/10.1103/PhysRevD.90.126007}}




@article{Volume3,
      author         = "Susskind, Leonard",
      title          = "{Entanglement is not enough}",
      journal        = "Fortsch. Phys.",
      volume         = "64",
      year           = "2016",
      pages          = "49-71",
      doi            = "10.1002/prop.201500095",
      eprint         = "1411.0690",
      archivePrefix  = "arXiv",
      primaryClass   = "hep-th",
      SLACcitation   = "%%CITATION = ARXIV:1411.0690;%%"
}


@article{Action2,
	Archiveprefix = {arXiv},
	Author = {Brown, Adam R. and Roberts, Daniel A. and Susskind, Leonard and Swingle, Brian and Zhao, Ying},
	Doi = {10.1103/PhysRevLett.116.191301},
	Eprint = {1509.07876},
	Journal = {Phys. Rev. Lett.},
	Number = {19},
	Pages = {191301},
	Primaryclass = {hep-th},
	Slaccitation = {%%CITATION = ARXIV:1509.07876;%%},
	Title = {{Holographic Complexity Equals Bulk Action?}},
	Volume = {116},
	Year = {2016},
	Bdsk-Url-1 = {http://dx.doi.org/10.1103/PhysRevLett.116.191301}}

@article{Action1,
      author         = "Brown, Adam R. and Roberts, Daniel A. and Susskind,
                        Leonard and Swingle, Brian and Zhao, Ying",
      title          = "{Complexity, action, and black holes}",
      journal        = "Phys. Rev.",
      volume         = "D93",
      year           = "2016",
      number         = "8",
      pages          = "086006",
      doi            = "10.1103/PhysRevD.93.086006",
      eprint         = "1512.04993",
      archivePrefix  = "arXiv",
      primaryClass   = "hep-th",
      SLACcitation   = "%%CITATION = ARXIV:1512.04993;%%"
}


@article{Fermions1,
      author         = "Hackl, Lucas and Myers, Robert C.",
      title          = "{Circuit complexity for free fermions}",
      journal        = "JHEP",
      volume         = "07",
      year           = "2018",
      pages          = "139",
      doi            = "10.1007/JHEP07(2018)139",
      eprint         = "1803.10638",
      archivePrefix  = "arXiv",
      primaryClass   = "hep-th",
      reportNumber   = "IGC-18/3-1, IGC-18-3-1",
      SLACcitation   = "%%CITATION = ARXIV:1803.10638;%%"
}

@article{Fermions2,
      author         = "Khan, Rifath and Krishnan, Chethan and Sharma, Sanchita",
      title          = "{Circuit Complexity in Fermionic Field Theory}",
      journal        = "Phys. Rev.",
      volume         = "D98",
      year           = "2018",
      number         = "12",
      pages          = "126001",
      doi            = "10.1103/PhysRevD.98.126001",
      eprint         = "1801.07620",
      archivePrefix  = "arXiv",
      primaryClass   = "hep-th",
      SLACcitation   = "%%CITATION = ARXIV:1801.07620;%%"
}


@article{ComplexityRG,
      author         = "Bhattacharyya, Arpan and Shekar, Arvind and Sinha,
                        Aninda",
      title          = "{Circuit complexity in interacting QFTs and RG flows}",
      journal        = "JHEP",
      volume         = "10",
      year           = "2018",
      pages          = "140",
      doi            = "10.1007/JHEP10(2018)140",
      eprint         = "1808.03105",
      archivePrefix  = "arXiv",
      primaryClass   = "hep-th",
      reportNumber   = "YITP-18-89",
      SLACcitation   = "%%CITATION = ARXIV:1808.03105;%%"
}


@article{BrianMixedComplexity,
      author         = "Ag\'on, Cesar A. and Headrick, Matthew and Swingle, Brian",
      title          = "{Subsystem Complexity and Holography}",
      journal        = "JHEP",
      volume         = "02",
      year           = "2019",
      pages          = "145",
      doi            = "10.1007/JHEP02(2019)145",
      eprint         = "1804.01561",
      archivePrefix  = "arXiv",
      primaryClass   = "hep-th",
      SLACcitation   = "%%CITATION = ARXIV:1804.01561;%%"
}


@article{Maldacena,
      author         = "Aharony, Ofer and Gubser, Steven S. and Maldacena, Juan
                        Martin and Ooguri, Hirosi and Oz, Yaron",
      title          = "{Large N field theories, string theory and gravity}",
      journal        = "Phys. Rept.",
      volume         = "323",
      year           = "2000",
      pages          = "183-386",
      doi            = "10.1016/S0370-1573(99)00083-6",
      eprint         = "hep-th/9905111",
      archivePrefix  = "arXiv",
      primaryClass   = "hep-th",
      reportNumber   = "CERN-TH-99-122, HUTP-99-A027, LBNL-43113, RU-99-18,
                        UCB-PTH-99-16, LBL-43113",
      SLACcitation   = "%%CITATION = HEP-TH/9905111;%%"
}


@article{RTreview,
      author         = "Nishioka, Tatsuma and Ryu, Shinsei and Takayanagi,
                        Tadashi",
      title          = "{Holographic Entanglement Entropy: An Overview}",
      journal        = "J. Phys.",
      volume         = "A42",
      year           = "2009",
      pages          = "504008",
      doi            = "10.1088/1751-8113/42/50/504008",
      eprint         = "0905.0932",
      archivePrefix  = "arXiv",
      primaryClass   = "hep-th",
      reportNumber   = "KUNS-2207, IPMU09-0056",
      SLACcitation   = "%%CITATION = ARXIV:0905.0932;%%"
}


% replaces QECC
 @article{Almheiri:2014lwa,
    author = "Almheiri, Ahmed and Dong, Xi and Harlow, Daniel",
    archivePrefix = "arXiv",
    doi = "10.1007/JHEP04(2015)163",
    eprint = "1411.7041",
    journal = "JHEP",
    pages = "163",
    primaryClass = "hep-th",
    reportNumber = "SU-ITP-14-30",
    title = "{Bulk Locality and Quantum Error Correction in AdS/CFT}",
    volume = "04",
    year = "2015"
}

@article{Swingle,
      author         = "Swingle, Brian",
      title          = "{Entanglement Renormalization and Holography}",
      journal        = "Phys. Rev.",
      volume         = "D86",
      year           = "2012",
      pages          = "065007",
      doi            = "10.1103/PhysRevD.86.065007",
      eprint         = "0905.1317",
      archivePrefix  = "arXiv",
      primaryClass   = "cond-mat.str-el",
      SLACcitation   = "%%CITATION = ARXIV:0905.1317;%%"
}

@article{Harlow:2014yka,
    author = "Harlow, Daniel",
    title = "{Jerusalem Lectures on Black Holes and Quantum Information}",
    eprint = "1409.1231",
    archivePrefix = "arXiv",
    primaryClass = "hep-th",
    doi = "10.1103/RevModPhys.88.015002",
    journal = "Rev. Mod. Phys.",
    volume = "88",
    pages = "015002",
    year = "2016"
}


@article{Harlow,
      author         = "Harlow, Daniel",
      title          = "{TASI Lectures on the Emergence of Bulk Physics in
                        AdS/CFT}",
      booktitle      = "{Proceedings, Theoretical Advanced Study Institute in
                        Elementary Particle Physics: Physics at the Fundamental
                        Frontier (TASI 2017): Boulder, CO, USA, June 5-30, 2017}",
      journal        = "PoS",
      volume         = "TASI2017",
      year           = "2018",
      pages          = "002",
      doi            = "10.22323/1.305.0002",
      eprint         = "1802.01040",
      archivePrefix  = "arXiv",
      primaryClass   = "hep-th",
      SLACcitation   = "%%CITATION = ARXIV:1802.01040;%%"
}





@article{Encyclopedia,
      author         = "J. Watrous",
      title          = "{Quantum computational complexity}",
      journal        = "Encyclopedia of complexity and systems
science,",
      year           = "",
      pages          = "7174\-7201, Springer (2009)"
}



@inproceedings{Aaronson:2016vto,
      author         = "Aaronson, Scott",
      title          = "{The Complexity of Quantum States and Transformations:
                        From Quantum Money to Black Holes}",
      year           = "2016",
      eprint         = "1607.05256",
      archivePrefix  = "arXiv",
      primaryClass   = "quant-ph",
      SLACcitation   = "%%CITATION = ARXIV:1607.05256;%%"
}


@article{Chapman:2018bqj,
      author         = "Chapman, Shira and Ge, Dongsheng and Policastro,
                        Giuseppe",
      title          = "{Holographic Complexity for Defects Distinguishes Action
                        from Volume}",
      journal        = "JHEP",
      volume         = "05",
      year           = "2019",
      pages          = "049",
      doi            = "10.1007/JHEP05(2019)049",
      eprint         = "1811.12549",
      archivePrefix  = "arXiv",
      primaryClass   = "hep-th",
      SLACcitation   = "%%CITATION = ARXIV:1811.12549;%%"
}

@book{erdelyi1953higher,
      author        = "Erd{\'e}lyi, Arthur and Magnus, Wilhelm and Oberhettinger, Fritz and Tricomi, Francesco G",
      title         = "{Higher transcendental functions, Vol. 2}",
      publisher     = "McGraw-Hill",
      address       = "New York, NY",
      series        = "Calif. Inst. Technol. Bateman Manuscr. Project",
      year          = "1953",
      url           = "http://apps.nrbook.com/bateman/Vol2.pdf",
}

@article{Witten:2018lha,
      author         = "Witten, Edward",
      title          = "{APS Medal for Exceptional Achievement in Research:
                        Invited article on entanglement properties of quantum
                        field theory}",
      journal        = "Rev. Mod. Phys.",
      volume         = "90",
      year           = "2018",
      number         = "4",
      pages          = "045003",
      doi            = "10.1103/RevModPhys.90.045003",
      eprint         = "1803.04993",
      archivePrefix  = "arXiv",
      primaryClass   = "hep-th",
      SLACcitation   = "%%CITATION = ARXIV:1803.04993;%%"
}

@article{qft2,
      author         = "Chapman, Shira and Heller, Michal P. and Marrochio, Hugo
                        and Pastawski, Fernando",
      title          = "{Toward a Definition of Complexity for Quantum Field
                        Theory States}",
      journal        = "Phys. Rev. Lett.",
      volume         = "120",
      year           = "2018",
      number         = "12",
      pages          = "121602",
      doi            = "10.1103/PhysRevLett.120.121602",
      eprint         = "1707.08582",
      archivePrefix  = "arXiv",
      primaryClass   = "hep-th",
      SLACcitation   = "%%CITATION = ARXIV:1707.08582;%%"
}


@article{mann1993gaussian,
  title={Gaussian density matrices: quantum analogs of classical states},
  author={Mann, A and Revzen, M},
  journal={Fortschritte der Physik/Progress of Physics},
  volume={41},
  number={5},
  pages={431--446},
  year={1993},
  publisher={Wiley Online Library}
}


@article{Chapman:2018hou,
      author         = "Chapman, Shira and Eisert, Jens and Hackl, Lucas and
                        Heller, Michal P. and Jefferson, Ro and Marrochio, Hugo
                        and Myers, Robert C.",
      title          = "{Complexity and entanglement for thermofield double
                        states}",
      journal        = "SciPost Phys.",
      volume         = "6",
      year           = "2019",
      number         = "3",
      pages          = "034",
      doi            = "10.21468/SciPostPhys.6.3.034",
      eprint         = "1810.05151",
      archivePrefix  = "arXiv",
      primaryClass   = "hep-th",
      SLACcitation   = "%%CITATION = ARXIV:1810.05151;%%"
}


   
@Article{Olivares2012,
	author="Olivares, S.",
	title="Quantum optics in the phase space",
	journal="The European Physical Journal Special Topics",
	year="2012",
	month="Apr",
	day="01",
	volume="203",
	number="1",
	pages="3--24",
	abstract="In this tutorial, we introduce the basic concepts and mathematical tools needed for phase-space description of a very common class of states, whose phase properties are described by Gaussian Wigner functions: the Gaussian states. In particular, we address their manipulation, evolution and characterization in view of their application to quantum information.",
	issn="1951-6401",
	doi="10.1140/epjst/e2012-01532-4",
	url="https://doi.org/10.1140/epjst/e2012-01532-4"
}
@article{adam1995density,
	title={Density matrix elements and moments for generalized Gaussian state fields},
	author={Adam, Gerhard},
	journal={Journal of Modern Optics},
	volume={42},
	number={6},
	pages={1311--1328},
	year={1995},
	publisher={Taylor \& Francis}
}
@article{ferraro2005gaussian,
	title={Gaussian states in continuous variable quantum information},
	author={Ferraro, Alessandro and Olivares, Stefano and Paris, Matteo GA},
	journal={arXiv preprint quant-ph/0503237},
	year={2005}
}
@article{Callan:1994py,
	author         = "Callan, Jr., Curtis G. and Wilczek, Frank",
	title          = "{On geometric entropy}",
	journal        = "Phys. Lett.",
	volume         = "B333",
	year           = "1994",
	pages          = "55-61",
	doi            = "10.1016/0370-2693(94)91007-3",
	eprint         = "hep-th/9401072",
	archivePrefix  = "arXiv",
	primaryClass   = "hep-th",
	reportNumber   = "IASSNS-HEP-93-87",
	SLACcitation   = "%%CITATION = HEP-TH/9401072;%%"
}

@article{Susskind:1994sm,
    author = "Susskind, Leonard and Uglum, John",
    archivePrefix = "arXiv",
    doi = "10.1103/PhysRevD.50.2700",
    eprint = "hep-th/9401070",
    journal = "Phys.\ Rev.\ D",
    pages = "2700--2711",
    reportNumber = "SU-ITP-94-1",
    title = "{Black hole entropy in canonical quantum gravity and superstring theory}",
    volume = "50",
    year = "1994"
}


% replaces Bombelli_1986
@article{Bombelli:1986rw,
	author         = "Bombelli, Luca and Koul, Rabinder K. and Lee, Joohan and
	Sorkin, Rafael D.",
	title          = "{A Quantum Source of Entropy for Black Holes}",
	journal        = "Phys. Rev.",
	volume         = "D34",
	year           = "1986",
	pages          = "373-383",
	doi            = "10.1103/PhysRevD.34.373",
	reportNumber   = "PRINT-86-0371 (SYRACUSE)",
	SLACcitation   = "%%CITATION = PHRVA,D34,373;%%"
}
@article{NIETO1997135,
	title = "Displaced and squeezed number states",
	journal = "Physics Letters A",
	volume = "229",
	number = "3",
	pages = "135 - 143",
	year = "1997",
	issn = "0375-9601",
	doi = "https://doi.org/10.1016/S0375-9601(97)00183-7",
	url = "http://www.sciencedirect.com/science/article/pii/S0375960197001837",
	author = "Michael Martin Nieto"
}
@article{fidelity,
	author={J Twamley},
	title={Bures and statistical distance for squeezed thermal states},
	journal={Journal of Physics A: Mathematical and General},
	volume={29},
	number={13},
	pages={3723},
	url={http://stacks.iop.org/0305-4470/29/i=13/a=036},
	year={1996},
	abstract={We compute the Bures distance between two thermal squeezed states and deduce the statistical distance metric. By computing the curvature of this metric we can identify regions of parameter space most sensitive to changes in these parameters and thus lead to optimum detection statistics.}
}
@article{gaussian,
	author={H Scutaru},
	title={Fidelity for displaced squeezed thermal states and the oscillator semigroup},
	journal={Journal of Physics A: Mathematical and General},
	volume={31},
	number={15},
	pages={3659},
	url={http://stacks.iop.org/0305-4470/31/i=15/a=025},
	year={1998},
	abstract={The fidelity for two displaced squeezed thermal states is computed using the fact that the corresponding density operators belong to the oscillator semigroup. A novel calculation technique is developed for the computation of the traces of product of Gaussian density operators and of square roots of Gaussian density operators. The method is exemplified for the one-mode case but it is also applicable to the multimode case.}
}
@article{functional-operators,
	author={Michael Martin Nieto},
	title={Functional forms for the squeeze and the time-displacement operators},
	journal={Quantum and Semiclassical Optics: Journal of the European Optical Society Part B},
	volume={8},
	number={5},
	pages={1061},
	url={http://stacks.iop.org/1355-5111/8/i=5/a=011},
	year={1996},
	abstract={Using Baker - Campbell - Hausdorff relations, the squeeze and harmonic-oscillator time-displacement operators are given in the form ##IMG## [http://ej.iop.org/images/1355-5111/8/5/011/img1.gif] , where ##IMG## [http://ej.iop.org/images/1355-5111/8/5/011/img2.gif] , ##IMG## [http://ej.iop.org/images/1355-5111/8/5/011/img3.gif] , ##IMG## [http://ej.iop.org/images/1355-5111/8/5/011/img4.gif] and ##IMG## [http://ej.iop.org/images/1355-5111/8/5/011/img5.gif] are explicitly determined. The applications are discussed.}
}

@article{qft1,
	author         = "Jefferson, Ro and Myers, Robert C.",
	title          = "{Circuit complexity in quantum field theory}",
	journal        = "JHEP",
	volume         = "10",
	year           = "2017",
	pages          = "107",
	doi            = "10.1007/JHEP10(2017)107",
	eprint         = "1707.08570",
	archivePrefix  = "arXiv",
	primaryClass   = "hep-th",
	SLACcitation   = "%%CITATION = ARXIV:1707.08570;%%"
}
@article{RevModPhys.84.621,
	title = {Gaussian quantum information},
	author = {Weedbrook, Christian and Pirandola, Stefano and Garc\'{\i}a-Patr\'on, Ra\'ul and Cerf, Nicolas J. and Ralph, Timothy C. and Shapiro, Jeffrey H. and Lloyd, Seth},
	journal = {Rev. Mod. Phys.},
	volume = {84},
	issue = {2},
	pages = {621--669},
	numpages = {0},
	year = {2012},
	month = {May},
	publisher = {American Physical Society},
	doi = {10.1103/RevModPhys.84.621},
	url = {https://link.aps.org/doi/10.1103/RevModPhys.84.621}
}

@book{serafini2017quantum,
	title={Quantum Continuous Variables: A Primer of Theoretical Methods},
	author={Serafini, A.},
	isbn={9781351645003},
	url={https://books.google.ca/books?id=bMItDwAAQBAJ},
	year={2017},
	publisher={CRC Press}
}


@article{Camargo:2018eof,
      author         = "Camargo, Hugo A. and Caputa, Pawel and Das, Diptarka and
                        Heller, Michal P. and Jefferson, Ro",
      title          = "{Complexity as a novel probe of quantum quenches:
                        universal scalings and purifications}",
      journal        = "Phys. Rev. Lett.",
      volume         = "122",
      year           = "2019",
      number         = "8",
      pages          = "081601",
      doi            = "10.1103/PhysRevLett.122.081601",
      eprint         = "1807.07075",
      archivePrefix  = "arXiv",
      primaryClass   = "hep-th",
      SLACcitation   = "%%CITATION = ARXIV:1807.07075;%%"
}



@article{pure0,
	author         = "Umemoto, Koji and Takayanagi, Tadashi",
	title          = "{Entanglement of purification through holographic
	duality}",
	journal        = "Nature Phys.",
	volume         = "14",
	year           = "2018",
	number         = "6",
	pages          = "573-577",
	doi            = "10.1038/s41567-018-0075-2",
	eprint         = "1708.09393",
	archivePrefix  = "arXiv",
	primaryClass   = "hep-th",
	reportNumber   = "YITP-17-89, IPMU17-0115",
	SLACcitation   = "%%CITATION = ARXIV:1708.09393;%%"
}

@article{pure1,
	author         = "Nguyen, Phuc and Devakul, Trithep and Halbasch, Matthew
	G. and Zaletel, Michael P. and Swingle, Brian",
	title          = "{Entanglement of purification: from spin chains to
	holography}",
	journal        = "JHEP",
	volume         = "01",
	year           = "2018",
	pages          = "098",
	doi            = "10.1007/JHEP01(2018)098",
	eprint         = "1709.07424",
	archivePrefix  = "arXiv",
	primaryClass   = "hep-th",
	SLACcitation   = "%%CITATION = ARXIV:1709.07424;%%"
}

@article{pure2,
	author         = "Bhattacharyya, Arpan and Takayanagi, Tadashi and Umemoto,
	Koji",
	title          = "{Entanglement of Purification in Free Scalar Field
	Theories}",
	journal        = "JHEP",
	volume         = "04",
	year           = "2018",
	pages          = "132",
	doi            = "10.1007/JHEP04(2018)132",
	eprint         = "1802.09545",
	archivePrefix  = "arXiv",
	primaryClass   = "hep-th",
	reportNumber   = "YITP-18-12, IPMU18-0035",
	SLACcitation   = "%%CITATION = ARXIV:1802.09545;%%"
}
@article{coherent,
	author         = "Guo, Minyong and Hernandez, Juan and Myers, Robert C. and
	Ruan, Shan-Ming",
	title          = "{Circuit Complexity for Coherent States}",
	journal        = "JHEP",
	volume         = "10",
	year           = "2018",
	pages          = "011",
	doi            = "10.1007/JHEP10(2018)011",
	eprint         = "1807.07677",
	archivePrefix  = "arXiv",
	primaryClass   = "hep-th",
	SLACcitation   = "%%CITATION = ARXIV:1807.07677;%%"
}
@book{NielsenChuang,
	address = {Cambridge},
	author = {Nielsen, Michael A. and Chuang, Isaac L.},
	citeulike-article-id = {926992},
	keywords = {bibtex-import},
	posted-at = {2006-11-03 12:37:55},
	priority = {2},
	publisher = {Cambridge University Press},
	title = {{Quantum Computation and Quantum Information}},
	year = {2000}
}


@article{Aharonov:1998zf,
      author         = "Aharonov, Dorit and Kitaev, Alexei and Nisan, Noam",
      title          = "{Quantum circuits with mixed states}",
      journal        = "{\rm in} Proceedings of the Thirtieth Annual ACM Symposium on Theory of Computing",
      pages          = "20-30",
      eprint         = "quant-ph/9806029",
      year           = "1998",
      archivePrefix  = "arXiv",
      primaryClass   = "quant-ph",
      SLACcitation   = "%%CITATION = QUANT-PH/9806029;%%",

}

@article{watrous2009quantum,
  title={Quantum computational complexity},
  author={Watrous, John},
  journal={{\rm in} Encyclopedia of
Complexity and Systems Science, ed., R. A. Meyers},
  pages={7174--7201},
  year={2009},
  publisher={Springer},
  eprint = {0804.3401},
  archivePrefix  = "arXiv",
  primaryClass = "quant-ph"
}

@article{dilaton,
  title={Positive functions on C*-algebras},
  author={Stinespring, W Forrest},
  journal={Proceedings of the American Mathematical Society},
  volume={6},
  number={2},
  pages={211--216},
  year={1955},
  publisher={JSTOR}
}

@article{Carmi:2016wjl,
      author         = "Carmi, Dean and Myers, Robert C. and Rath, Pratik",
      title          = "{Comments on Holographic Complexity}",
      journal        = "JHEP",
      volume         = "03",
      year           = "2017",
      pages          = "118",
      doi            = "10.1007/JHEP03(2017)118",
      eprint         = "1612.00433",
      archivePrefix  = "arXiv",
      primaryClass   = "hep-th",
      SLACcitation   = "%%CITATION = ARXIV:1612.00433;%%"
}

@article{Nielsen:2006,
	author = {Nielsen, Michael A.},
	title = {A Geometric Approach to Quantum Circuit Lower Bounds},
	journal = {Quantum Info. Comput.},
	issue_date = {May 2006},
	volume = {6},
	number = {3},
	month = may,
	year = {2006},
	issn = {1533-7146},
	pages = {213--262},
	numpages = {50},
	url = {http://dl.acm.org/citation.cfm?id=2011686.2011688},
	acmid = {2011688},
	publisher = {Rinton Press, Incorporated},
	address = {Paramus, NJ},
	keywords = {finsler geometry, lower bounds, quantum circuits},
}

@article{nielsen2006quantum,
	title={Quantum computation as geometry},
	author={Nielsen, Michael A and Dowling, Mark R and Gu, Mile and Doherty, Andrew C},
	journal={Science},
	volume={311},
	number={5764},
	pages={1133--1135},
	year={2006},
	publisher={American Association for the Advancement of Science}
}

@article{nielsen2008,
	author = {Dowling, Mark R. and Nielsen, Michael A.},
	title = {The Geometry of Quantum Computation},
	journal = {Quantum Info. Comput.},
	issue_date = {November 2008},
	volume = {8},
	number = {10},
	month = nov,
	year = {2008},
	issn = {1533-7146},
	pages = {861--899},
	numpages = {39},
	url = {http://dl.acm.org/citation.cfm?id=2016985.2016986},
	acmid = {2016986},
	publisher = {Rinton Press, Incorporated},
	address = {Paramus, NJ},
	keywords = {Razborov-Rudich theorem, geodesic deformation, geodesic derivative, lifted Jacobi equation, quantum algorithm, quantum circuit complexity, riemannian geometry},
}



@article{Hayward:1993my,
	author         = "Hayward, G.",
	title          = "{Gravitational action for space-times with nonsmooth
	boundaries}",
	journal        = "Phys. Rev.",
	volume         = "D47",
	year           = "1993",
	pages          = "3275-3280",
	doi            = "10.1103/PhysRevD.47.3275",
	SLACcitation   = "%%CITATION = PHRVA,D47,3275;%%"
}

@article{Brill:1994mb,
	author         = "Brill, Dieter and Hayward, Geoff",
	title          = "{Is the gravitational action additive?}",
	journal        = "Phys. Rev.",
	volume         = "D50",
	year           = "1994",
	pages          = "4914-4919",
	doi            = "10.1103/PhysRevD.50.4914",
	eprint         = "gr-qc/9403018",
	archivePrefix  = "arXiv",
	primaryClass   = "gr-qc",
	reportNumber   = "UMD-PP-94-100, ALBERTA-THY-10-94",
	SLACcitation   = "%%CITATION = GR-QC/9403018;%%"
}
@article{Ben-Ami:2016qex,
	author         = "Ben-Ami, Omer and Carmi, Dean",
	title          = "{On Volumes of Subregions in Holography and Complexity}",
	journal        = "JHEP",
	volume         = "11",
	year           = "2016",
	pages          = "129",
	doi            = "10.1007/JHEP11(2016)129",
	eprint         = "1609.02514",
	archivePrefix  = "arXiv",
	primaryClass   = "hep-th",
	SLACcitation   = "%%CITATION = ARXIV:1609.02514;%%"
}

@article{Parattu:2015gga,
	author         = "Parattu, Krishnamohan and Chakraborty, Sumanta and Majhi,
	Bibhas Ranjan and Padmanabhan, T.",
	title          = "{A Boundary Term for the Gravitational Action with Null
	Boundaries}",
	journal        = "Gen. Rel. Grav.",
	volume         = "48",
	year           = "2016",
	number         = "7",
	pages          = "94",
	doi            = "10.1007/s10714-016-2093-7",
	eprint         = "1501.01053",
	archivePrefix  = "arXiv",
	primaryClass   = "gr-qc",
	SLACcitation   = "%%CITATION = ARXIV:1501.01053;%%"
}


@article{Caceres:2018blh,
	author         = "Caceres, Elena and Couch, Josiah and Eccles, Stefan and
	Fischler, Willy",
	title          = "{Holographic Purification Complexity}",
	year           = "2018",
	eprint         = "1811.10650",
	archivePrefix  = "arXiv",
	primaryClass   = "hep-th",
	reportNumber   = "UTTG-13-18",
	SLACcitation   = "%%CITATION = ARXIV:1811.10650;%%"
}

@article{Caceres:2018luq,
      author         = "Caceres, Elena and Xiao, Ming-Lei",
      title          = "{Complexity-action of subregions with corners}",
      journal        = "JHEP",
      volume         = "03",
      year           = "2019",
      pages          = "062",
      doi            = "10.1007/JHEP03(2019)062",
      eprint         = "1809.09356",
      archivePrefix  = "arXiv",
      primaryClass   = "hep-th",
      reportNumber   = "UTTG-08-18",
      SLACcitation   = "%%CITATION = ARXIV:1809.09356;%%"
}






@article{Alishahiha:2015rta,
	Archiveprefix = {arXiv},
	Author = {Alishahiha, Mohsen},
	Doi = {10.1103/PhysRevD.92.126009},
	Eprint = {1509.06614},
	Journal = {Phys. Rev.},
	Number = {12},
	Pages = {126009},
	Primaryclass = {hep-th},
	Slaccitation = {%%CITATION = ARXIV:1509.06614;%%},
	Title = {{Holographic Complexity}},
	Volume = {D92},
	Year = {2015},
	Bdsk-Url-1 = {http://dx.doi.org/10.1103/PhysRevD.92.126009}}


@article{Lehner:2016vdi,
	Archiveprefix = {arXiv},
	Author = {Lehner, Luis and Myers, Robert C. and Poisson, Eric and Sorkin, Rafael D.},
	Doi = {10.1103/PhysRevD.94.084046},
	Eprint = {1609.00207},
	Journal = {Phys. Rev.},
	Number = {8},
	Pages = {084046},
	Primaryclass = {hep-th},
	Slaccitation = {%%CITATION = ARXIV:1609.00207;%%},
	Title = {{Gravitational action with null boundaries}},
	Volume = {D94},
	Year = {2016},
	Bdsk-Url-1 = {http://dx.doi.org/10.1103/PhysRevD.94.084046}}

@article{Bakhshaei:2017qud,
	author         = "Bakhshaei, Elaheh and Mollabashi, Ali and Shirzad, Ahmad",
	title          = "{Holographic Subregion Complexity for Singular Surfaces}",
	journal        = "Eur. Phys. J.",
	volume         = "C77",
	year           = "2017",
	number         = "10",
	pages          = "665",
	doi            = "10.1140/epjc/s10052-017-5247-1",
	eprint         = "1703.03469",
	archivePrefix  = "arXiv",
	primaryClass   = "hep-th",
	reportNumber   = "IPM-P-2017-010",
	SLACcitation   = "%%CITATION = ARXIV:1703.03469;%%"
}


@article{AgonCX,
	Author = {Ag\'on, Cesar and  C\'aceres, Elena and Xiao, Ming Lei},
	Journal = {work in progress}
}

@article{Brown:2016wib,
      author         = "Brown, Adam R. and Susskind, Leonard and Zhao, Ying",
      title          = "{Quantum Complexity and Negative Curvature}",
      journal        = "Phys. Rev.",
      volume         = "D95",
      year           = "2017",
      number         = "4",
      pages          = "045010",
      doi            = "10.1103/PhysRevD.95.045010",
      eprint         = "1608.02612",
      archivePrefix  = "arXiv",
      primaryClass   = "hep-th",
      SLACcitation   = "%%CITATION = ARXIV:1608.02612;%%"
}

@article{Brown:2017jil,
      author         = "Brown, Adam R. and Susskind, Leonard",
      title          = "{Second law of quantum complexity}",
      journal        = "Phys. Rev.",
      volume         = "D97",
      year           = "2018",
      number         = "8",
      pages          = "086015",
      doi            = "10.1103/PhysRevD.97.086015",
      eprint         = "1701.01107",
      archivePrefix  = "arXiv",
      primaryClass   = "hep-th",
      SLACcitation   = "%%CITATION = ARXIV:1701.01107;%%"
}

@article{Chapman:2016hwi,
      author         = "Chapman, Shira and Marrochio, Hugo and Myers, Robert C.",
      title          = "{Complexity of Formation in Holography}",
      journal        = "JHEP",
      volume         = "01",
      year           = "2017",
      pages          = "062",
      doi            = "10.1007/JHEP01(2017)062",
      eprint         = "1610.08063",
      archivePrefix  = "arXiv",
      primaryClass   = "hep-th",
      SLACcitation   = "%%CITATION = ARXIV:1610.08063;%%"
}

@article{Ali:2018lfv,
      author         = "Alishahiha, Mohsen and Babaei Velni, Komeil and Mohammadi
                        Mozaffar, M. Reza",
      title          = "{Subregion Action and Complexity}",
      year           = "2018",
      eprint         = "1809.06031",
      archivePrefix  = "arXiv",
      primaryClass   = "hep-th",
      reportNumber   = "IPM-P-2018-069",
      SLACcitation   = "%%CITATION = ARXIV:1809.06031;%%"
}

@article{wip99,
	author         = "Di Giulio, Giuseppe and Hernandez, Juan and Myers, Robert C. and Ruan, Shan-Ming and Tonni, Erik",
	Journal          = {work in progress}
}

% replaces article{Srednicki_1993} and article{entro}
@article{Srednicki:1993im,
      author         = "Srednicki, Mark",
      title          = "{Entropy and area}",
      journal        = "Phys. Rev. Lett.",
      volume         = "71",
      year           = "1993",
      pages          = "666-669",
      doi            = "10.1103/PhysRevLett.71.666",
      eprint         = "hep-th/9303048",
      archivePrefix  = "arXiv",
      primaryClass   = "hep-th",
      reportNumber   = "LBL-33754, CFPA-93-02",
      SLACcitation   = "%%CITATION = HEP-TH/9303048;%%"
}


@InProceedings{Sorkin_1983,
    author         = "Sorkin, Rafael D.",
    title          = "{On the Entropy of the vacuum outside a horizon}",
    booktitle = {Tenth International Conference on General Relativity and Gravitation},
    publisher = {Consiglio Nazionale Delle Ricerche, Roma (held in Padova, 4-9 July, 1983)},
    editor = {B. Bertotti and F. de Felice and A. Pascolini },
    pages = {734-736},
    eprint         = "arXiv:1402.3589",
    SLACcitation   = "%%CITATION = ARXIV:1402.3589;%%"
}

@article{EW3,
      author         = "Wall, Aron C.",
      title          = "{Maximin Surfaces, and the Strong Subadditivity of the
                        Covariant Holographic Entanglement Entropy}",
      journal        = "Class. Quant. Grav.",
      volume         = "31",
      year           = "2014",
      number         = "22",
      pages          = "225007",
      doi            = "10.1088/0264-9381/31/22/225007",
      eprint         = "1211.3494",
      archivePrefix  = "arXiv",
      primaryClass   = "hep-th",
      SLACcitation   = "%%CITATION = ARXIV:1211.3494;%%"
}

@article{Dong:2016eik,
      author         = "Dong, Xi and Harlow, Daniel and Wall, Aron C.",
      title          = "{Reconstruction of Bulk Operators within the Entanglement Wedge in Gauge-Gravity Duality}",
      journal        = "Phys. Rev. Lett.",
      volume         = "117",
      year           = "2016",
      number         = "2",
      pages          = "021601",
      doi            = "10.1103/PhysRevLett.117.021601",
      eprint         = "1601.05416",
      archivePrefix  = "arXiv",
      primaryClass   = "hep-th",
      reportNumber   = "NSF-KITP-16-005",
      SLACcitation   = "%%CITATION = ARXIV:1601.05416;%%"
}

@article{Jafferis:2015del,
      author         = "Jafferis, Daniel L. and Lewkowycz, Aitor and Maldacena, Juan and Suh, S. Josephine",
      title          = "{Relative entropy equals bulk relative entropy}",
      journal        = "JHEP",
      volume         = "06",
      year           = "2016",
      pages          = "004",
      doi            = "10.1007/JHEP06(2016)004",
      eprint         = "1512.06431",
      archivePrefix  = "arXiv",
      primaryClass   = "hep-th",
      reportNumber   = "NSF-KITP-15-162",
      SLACcitation   = "%%CITATION = ARXIV:1512.06431;%%"
}

@article{Couch:2018phr,
      author         = "Couch, Josiah and Eccles, Stefan and Jacobson, Ted and
                        Nguyen, Phuc",
      title          = "{Holographic Complexity and Volume}",
      journal        = "JHEP",
      volume         = "11",
      year           = "2018",
      pages          = "044",
      doi            = "10.1007/JHEP11(2018)044",
      eprint         = "1807.02186",
      archivePrefix  = "arXiv",
      primaryClass   = "hep-th",
      reportNumber   = "UTTG-14-17, UTTG--14--17",
      SLACcitation   = "%%CITATION = ARXIV:1807.02186;%%"
}

@article{Carmi:2017jqz,
      author         = "Carmi, Dean and Chapman, Shira and Marrochio, Hugo and
                        Myers, Robert C. and Sugishita, Sotaro",
      title          = "{On the Time Dependence of Holographic Complexity}",
      journal        = "JHEP",
      volume         = "11",
      year           = "2017",
      pages          = "188",
      doi            = "10.1007/JHEP11(2017)188",
      eprint         = "1709.10184",
      archivePrefix  = "arXiv",
      primaryClass   = "hep-th",
      SLACcitation   = "%%CITATION = ARXIV:1709.10184;%%"
}

% replaces article{Emparan_1999}
@article{Emparan:1999pm,
      author         = "Emparan, Roberto and Johnson, Clifford V. and Myers, Robert C.",
      title          = "{Surface terms as counterterms in the AdS / CFT
                        correspondence}",
      journal        = "Phys. Rev.",
      volume         = "D60",
      year           = "1999",
      pages          = "104001",
      doi            = "10.1103/PhysRevD.60.104001",
      eprint         = "hep-th/9903238",
      archivePrefix  = "arXiv",
      primaryClass   = "hep-th",
      reportNumber   = "DTP-99-21, UK-99-04, MCGILL-99-12, EHU-FT-9906",
      SLACcitation   = "%%CITATION = HEP-TH/9903238;%%"
}

@article{Kastor:2009wy,
	author         = "Kastor, David and Ray, Sourya and Traschen, Jennie",
	title          = "{Enthalpy and the Mechanics of AdS Black Holes}",
	journal        = "Class. Quant. Grav.",
	volume         = "26",
	year           = "2009",
	pages          = "195011",
	doi            = "10.1088/0264-9381/26/19/195011",
	eprint         = "0904.2765",
	archivePrefix  = "arXiv",
	primaryClass   = "hep-th",
	SLACcitation   = "%%CITATION = ARXIV:0904.2765;%%"
}


@article{Fan:2018wnv,
      author         = "Fan, Zhong-Ying and Guo, Minyong",
      title          = "{On the Noether charge and the gravity duals of quantum
                        complexity}",
      journal        = "JHEP",
      volume         = "08",
      year           = "2018",
      pages          = "031",
      doi            = "10.1007/JHEP08(2018)031",
      eprint         = "1805.03796",
      archivePrefix  = "arXiv",
      primaryClass   = "hep-th",
      SLACcitation   = "%%CITATION = ARXIV:1805.03796;%%"
}

@article{Headrick:2010zt,
      author         = "Headrick, Matthew",
      title          = "{Entanglement Renyi entropies in holographic theories}",
      journal        = "Phys. Rev.",
      volume         = "D82",
      year           = "2010",
      pages          = "126010",
      doi            = "10.1103/PhysRevD.82.126010",
      eprint         = "1006.0047",
      archivePrefix  = "arXiv",
      primaryClass   = "hep-th",
      reportNumber   = "BRX-TH-619",
      SLACcitation   = "%%CITATION = ARXIV:1006.0047;%%"
}

@article{Hartman:2013mia,
      author         = "Hartman, Thomas",
      title          = "{Entanglement Entropy at Large Central Charge}",
      year           = "2013",
      eprint         = "1303.6955",
      archivePrefix  = "arXiv",
      primaryClass   = "hep-th",
      SLACcitation   = "%%CITATION = ARXIV:1303.6955;%%"
}

@article{Faulkner:2013yia,
      author         = "Faulkner, Thomas",
      title          = "{The Entanglement Renyi Entropies of Disjoint Intervals
                        in AdS/CFT}",
      year           = "2013",
      eprint         = "1303.7221",
      archivePrefix  = "arXiv",
      primaryClass   = "hep-th",
      SLACcitation   = "%%CITATION = ARXIV:1303.7221;%%"
}

@article{Calabrese:2004eu,
      author         = "Calabrese, Pasquale and Cardy, John L.",
      title          = "{Entanglement entropy and quantum field theory}",
      journal        = "J. Stat. Mech.",
      volume         = "0406",
      year           = "2004",
      pages          = "P06002",
      doi            = "10.1088/1742-5468/2004/06/P06002",
      eprint         = "hep-th/0405152",
      archivePrefix  = "arXiv",
      primaryClass   = "hep-th",
      SLACcitation   = "%%CITATION = HEP-TH/0405152;%%"
}

@article{Calabrese:2005zw,
      author         = "Calabrese, Pasquale and Cardy, John L.",
      title          = "{Entanglement entropy and quantum field theory: A Non-technical introduction}",
      booktitle      = "{Workshop on Quantum Entanglement in Physical and Information Sciences Pisa, Italy, December 14-18, 2004}",
      journal        = "Int. J. Quant. Inf.",
      volume         = "4",
      year           = "2006",
      pages          = "429",
      doi            = "10.1142/S021974990600192X",
      eprint         = "quant-ph/0505193",
      archivePrefix  = "arXiv",
      primaryClass   = "quant-ph",
      SLACcitation   = "%%CITATION = QUANT-PH/0505193;%%"
}

% replaces Myers_2013
@article{Myers:2013lva,
      author         = "Myers, Robert C. and Pourhasan, Razieh and Smolkin,  Michael",
      title          = "{On Spacetime Entanglement}",
      journal        = "JHEP",
      volume         = "06",
      year           = "2013",
      pages          = "013",
      doi            = "10.1007/JHEP06(2013)013",
      eprint         = "1304.2030",
      archivePrefix  = "arXiv",
      primaryClass   = "hep-th",
      SLACcitation   = "%%CITATION = ARXIV:1304.2030;%%"
}

@article{Randall:1999vf,
      author         = "Randall, Lisa and Sundrum, Raman",
      title          = "{An Alternative to compactification}",
      journal        = "Phys. Rev. Lett.",
      volume         = "83",
      year           = "1999",
      pages          = "4690-4693",
      doi            = "10.1103/PhysRevLett.83.4690",
      eprint         = "hep-th/9906064",
      archivePrefix  = "arXiv",
      primaryClass   = "hep-th",
      reportNumber   = "MIT-CTP-2874, PUPT-1867, BUHEP-99-13",
      SLACcitation   = "%%CITATION = HEP-TH/9906064;%%"
}

@article{Randall:1999ee,
      author         = "Randall, Lisa and Sundrum, Raman",
      title          = "{A Large mass hierarchy from a small extra dimension}",
      journal        = "Phys. Rev. Lett.",
      volume         = "83",
      year           = "1999",
      pages          = "3370-3373",
      doi            = "10.1103/PhysRevLett.83.3370",
      eprint         = "hep-ph/9905221",
      archivePrefix  = "arXiv",
      primaryClass   = "hep-ph",
      reportNumber   = "MIT-CTP-2860, PUPT-1860, BUHEP-99-9",
      SLACcitation   = "%%CITATION = HEP-PH/9905221;%%"
}

%replaces @article{Dvali_2000}
@article{Dvali:2000hr,
      author         = "Dvali, G. R. and Gabadadze, Gregory and Porrati, Massimo",
      title          = "{4-D gravity on a brane in 5-D Minkowski space}",
      journal        = "Phys. Lett.",
      volume         = "B485",
      year           = "2000",
      pages          = "208-214",
      doi            = "10.1016/S0370-2693(00)00669-9",
      eprint         = "hep-th/0005016",
      archivePrefix  = "arXiv",
      primaryClass   = "hep-th",
      reportNumber   = "NYU-TH-00-04-01",
      SLACcitation   = "%%CITATION = HEP-TH/0005016;%%"
}


% replaces article{Rangamani_2017}
@article{Rangamani:2016dms,
      author         = "Rangamani, Mukund and Takayanagi, Tadashi",
      title          = "{Holographic Entanglement Entropy}",
      journal        = "Lect. Notes Phys.",
      volume         = "931",
      year           = "2017",
      pages          = "pp.1-246",
      doi            = "10.1007/978-3-319-52573-0",
      eprint         = "1609.01287",
      archivePrefix  = "arXiv",
      primaryClass   = "hep-th",
      reportNumber   = "YITP-16-106",
      SLACcitation   = "%%CITATION = ARXIV:1609.01287;%%"
}

@book{Misner:1974qy,
      author         = "Misner, Charles W. and Thorne, K. S. and Wheeler, J. A.",
      title          = "{Gravitation}",
      publisher      = "W. H. Freeman",
      address        = "San Francisco",
      year           = "1973",
      journal        = "San Francisco 1973, 1279p",
      ISBN           = "9780716703440, 9780691177793",
      SLACcitation   = "%%CITATION = INSPIRE-95654;%%"
}

% replaced by: israel1966singular
@Article{Israel1966,
	author="Israel, W.",
	title="Singular hypersurfaces and thin shells in general relativity",
	journal="Il Nuovo Cimento B (1965-1970)",
	year="1966",
	month="Jul",
	day="01",
	volume="44",
	number="1",
	pages="1--14",
	abstract="An approach to shock waves, boundary surfaces and thin shells in general relativity is developed in which their histories are characterized in a purely geometrical way by the extrinsic curvatures of their imbeddings in space-time. There is some gain in simplicity and ease of application over previous treatments in that no mention of « admissible » or, indeed, any space-time co-ordinates is needed. The formalism is applied to a study of the dynamics of thin shells of dust.",
	issn="1826-9877",
	doi="10.1007/BF02710419",
	url="https://doi.org/10.1007/BF02710419"
}


% replaces Myers_2011
@article{Myers:2010tj,
      author         = "Myers, Robert C. and Sinha, Aninda",
      title          = "{Holographic c-theorems in arbitrary dimensions}",
      journal        = "JHEP",
      volume         = "01",
      year           = "2011",
      pages          = "125",
      doi            = "10.1007/JHEP01(2011)125",
      eprint         = "1011.5819",
      archivePrefix  = "arXiv",
      primaryClass   = "hep-th",
      SLACcitation   = "%%CITATION = ARXIV:1011.5819;%%"
}

% replaces Lewkowycz_2013,
@article{Lewkowycz:2013nqa,
      author         = "Lewkowycz, Aitor and Maldacena, Juan",
      title          = "{Generalized gravitational entropy}",
      journal        = "JHEP",
      volume         = "08",
      year           = "2013",
      pages          = "090",
      doi            = "10.1007/JHEP08(2013)090",
      eprint         = "1304.4926",
      archivePrefix  = "arXiv",
      primaryClass   = "hep-th",
      SLACcitation   = "%%CITATION = ARXIV:1304.4926;%%"
}


@article{Coleman:1980aw,
	author         = "Coleman, Sidney R. and De Luccia, Frank",
	title          = "{Gravitational Effects on and of Vacuum Decay}",
	journal        = "Phys. Rev.",
	volume         = "D21",
	year           = "1980",
	pages          = "3305",
	doi            = "10.1103/PhysRevD.21.3305",
	reportNumber   = "SLAC-PUB-2463",
	SLACcitation   = "%%CITATION = PHRVA,D21,3305;%%"
}
@article{Myers:1989eq,
author         = "Myers, Robert C.",
title          = "{Domain Walls, Wormholes and the Cosmological Constant}",
journal        = "Phys. Lett.",
volume         = "B241",
year           = "1990",
pages          = "481-486",
doi            = "10.1016/0370-2693(90)91856-7",
reportNumber   = "Print-90-0075 (McGILL)",
SLACcitation   = "%%CITATION = PHLTA,B241,481;%%"
}

% replaces Hung_2011,
@article{Hung:2011ta,
    author = "Hung, Ling-Yan and Myers, Robert C. and Smolkin, Michael",
    archivePrefix = "arXiv",
    doi = "10.1007/JHEP08(2011)039",
    eprint = "1105.6055",
    journal = "JHEP",
    pages = "039",
    primaryClass = "hep-th",
    title = "{Some Calculable Contributions to Holographic Entanglement Entropy}",
    volume = "08",
    year = "2011"
}

@article{Bhattacharyya_2014_2,
	title={On generalized gravitational entropy, squashed cones and holography},
	volume={2014},
	ISSN={1029-8479},
	url={http://dx.doi.org/10.1007/JHEP01(2014)021},
	DOI={10.1007/jhep01(2014)021},
	number={1},
	journal={Journal of High Energy Physics},
	publisher={Springer Science and Business Media LLC},
	author={Bhattacharyya, Arpan and Sharma, Menika and Sinha, Aninda},
	year={2014},
	month={Jan}
}
% This replaces {Dong_2014}
@article{Dong:2013qoa,
      author         = "Dong, Xi",
      title          = "{Holographic Entanglement Entropy for General Higher  Derivative Gravity}",
      journal        = "JHEP",
      volume         = "01",
      year           = "2014",
      pages          = "044",
      doi            = "10.1007/JHEP01(2014)044",
      eprint         = "1310.5713",
      archivePrefix  = "arXiv",
      primaryClass   = "hep-th",
      reportNumber   = "SU-ITP-13-21",
      SLACcitation   = "%%CITATION = ARXIV:1310.5713;%%"
}
@article{Dong:2015zba,
      author         = "Dong, Xi and Miao, Rong-Xin",
      title          = "{Generalized Gravitational Entropy from Total Derivative
                        Action}",
      journal        = "JHEP",
      volume         = "12",
      year           = "2015",
      pages          = "100",
      doi            = "10.1007/JHEP12(2015)100",
      eprint         = "1510.04273",
      archivePrefix  = "arXiv",
      primaryClass   = "hep-th",
      reportNumber   = "SU-ITP-15-15",
      SLACcitation   = "%%CITATION = ARXIV:1510.04273;%%"
}

@article{QEI,
      author         = "Chen, Hong Zhe and Myers, Robert~C. and Neuenfeld, Dominik and Reyes, Ignacio~A. and Sandor, Joshua",
      title          = "{Quantum Extremal Islands Made Easy, Part II: Black Holes on the Brane}",
      journal        = "in preparation",
}

@article{Skenderis:2002wp,
      author         = "Skenderis, Kostas",
      title          = "{Lecture notes on holographic renormalization}",
      booktitle      = "{The quantum structure of space-time and the geometric
                        nature of fundamental interactions. Proceedings, RTN
                        European Winter School, RTN 2002, Utrecht, Netherlands,
                        January 17-22, 2002}",
      journal        = "Class. Quant. Grav.",
      volume         = "19",
      year           = "2002",
      pages          = "5849-5876",
      doi            = "10.1088/0264-9381/19/22/306",
      eprint         = "hep-th/0209067",
      archivePrefix  = "arXiv",
      primaryClass   = "hep-th",
      reportNumber   = "PUTP-2047",
      SLACcitation   = "%%CITATION = HEP-TH/0209067;%%"
}

@article{Skenderis:1999nb,
      author         = "Skenderis, Kostas and Solodukhin, Sergey N.",
      title          = "{Quantum effective action from the AdS / CFT
                        correspondence}",
      journal        = "Phys. Lett.",
      volume         = "B472",
      year           = "2000",
      pages          = "316-322",
      doi            = "10.1016/S0370-2693(99)01467-7",
      eprint         = "hep-th/9910023",
      archivePrefix  = "arXiv",
      primaryClass   = "hep-th",
      reportNumber   = "SPIN-1999-23",
      SLACcitation   = "%%CITATION = HEP-TH/9910023;%%"
}


@article{deHaro:2000vlm,
      author         = "de Haro, Sebastian and Solodukhin, Sergey N. and Skenderis, Kostas",
      title          = "{Holographic reconstruction of space-time and
                        renormalization in the AdS/CFT correspondence}",
      journal        = "Commun. Math. Phys.",
      volume         = "217",
      year           = "2001",
      pages          = "595-622",
      doi            = "10.1007/s002200100381",
      eprint         = "hep-th/0002230",
      archivePrefix  = "arXiv",
      primaryClass   = "hep-th",
      reportNumber   = "SPIN-2000-05, ITP-UU-00-03, PUTP-1921",
      SLACcitation   = "%%CITATION = HEP-TH/0002230;%%"
}

@article{deHaro:2000wj,
      author         = "de Haro, Sebastian and Skenderis, Kostas and Solodukhin,
                        Sergey N.",
      title          = "{Gravity in warped compactifications and the holographic stress tensor}",
      booktitle      = "{Quantization, gauge theory, and strings. Proceedings,
                        International Conference dedicated to the memory of
                        Professor Efim Fradkin, Moscow, Russia, June 5-10, 2000.
                        Vol. 1+2}",
      journal        = "Class. Quant. Grav.",
      volume         = "18",
      year           = "2001",
      pages          = "3171-3180",
      doi            = "10.1088/0264-9381/18/16/307",
      eprint         = "hep-th/0011230",
      archivePrefix  = "arXiv",
      primaryClass   = "hep-th",
      reportNumber   = "SPIN-2000-30, ITP-UU-00-32, PUTP-1970",
      SLACcitation   = "%%CITATION = HEP-TH/0011230;%%"
}

@article{Larsen:1995ax,
      author         = "Larsen, Finn and Wilczek, Frank",
      title          = "{Renormalization of black hole entropy and of the
                        gravitational coupling constant}",
      journal        = "Nucl. Phys.",
      volume         = "B458",
      year           = "1996",
      pages          = "249-266",
      doi            = "10.1016/0550-3213(95)00548-X",
      eprint         = "hep-th/9506066",
      archivePrefix  = "arXiv",
      primaryClass   = "hep-th",
      reportNumber   = "PUPT-1541, IASSNS-95-49",
      SLACcitation   = "%%CITATION = HEP-TH/9506066;%%"
}

@article{Kabat:1995eq,
      author         = "Kabat, Daniel N.",
      title          = "{Black hole entropy and entropy of entanglement}",
      journal        = "Nucl. Phys.",
      volume         = "B453",
      year           = "1995",
      pages          = "281-299",
      doi            = "10.1016/0550-3213(95)00443-V",
      eprint         = "hep-th/9503016",
      archivePrefix  = "arXiv",
      primaryClass   = "hep-th",
      reportNumber   = "RU-95-06",
      SLACcitation   = "%%CITATION = HEP-TH/9503016;%%"
}

@article{Donnelly:2014fua,
      author         = "Donnelly, William and Wall, Aron C.",
      title          = "{Entanglement entropy of electromagnetic edge modes}",
      journal        = "Phys. Rev. Lett.",
      volume         = "114",
      year           = "2015",
      number         = "11",
      pages          = "111603",
      doi            = "10.1103/PhysRevLett.114.111603",
      eprint         = "1412.1895",
      archivePrefix  = "arXiv",
      primaryClass   = "hep-th",
      SLACcitation   = "%%CITATION = ARXIV:1412.1895;%%"
}

@article{Donnelly:2015hxa,
      author         = "Donnelly, William and Wall, Aron C.",
      title          = "{Geometric entropy and edge modes of the electromagnetic
                        field}",
      journal        = "Phys. Rev.",
      volume         = "D94",
      year           = "2016",
      number         = "10",
      pages          = "104053",
      doi            = "10.1103/PhysRevD.94.104053",
      eprint         = "1506.05792",
      archivePrefix  = "arXiv",
      primaryClass   = "hep-th",
      SLACcitation   = "%%CITATION = ARXIV:1506.05792;%%"
}

@article{Faulkner:2013ana,
      author         = "Faulkner, Thomas and Lewkowycz, Aitor and Maldacena, Juan",
      title          = "{Quantum corrections to holographic entanglement
                        entropy}",
      journal        = "JHEP",
      volume         = "11",
      year           = "2013",
      pages          = "074",
      doi            = "10.1007/JHEP11(2013)074",
      eprint         = "1307.2892",
      archivePrefix  = "arXiv",
      primaryClass   = "hep-th",
      SLACcitation   = "%%CITATION = ARXIV:1307.2892;%%"
}

@article{Krtous:2014pva,
      author         = "Krtous, Pavel and Zelnikov, Andrei",
      title          = "{Minimal surfaces and entanglement entropy in anti-de
                        Sitter space}",
      journal        = "JHEP",
      volume         = "10",
      year           = "2014",
      pages          = "077",
      doi            = "10.1007/JHEP10(2014)077",
      eprint         = "1406.7659",
      archivePrefix  = "arXiv",
      primaryClass   = "hep-th",
      reportNumber   = "ALBERTA-THY-11-14, Alberta Thy 11-14",
      SLACcitation   = "%%CITATION = ARXIV:1406.7659;%%"
}
@misc{jafferis2019entanglement,
	title={Entanglement Entropy in Jackiw-Teitelboim Gravity},
	author={Daniel Louis Jafferis and David K. Kolchmeyer},
	year={2019},
	eprint={1911.10663},
	archivePrefix={arXiv},
	primaryClass={hep-th}
}

@article{Almheiri:2019hni,
    author = "Almheiri, Ahmed and Mahajan, Raghu and Maldacena, Juan and Zhao, Ying",
    title = "{The Page curve of Hawking radiation from semiclassical geometry}",
    eprint = "1908.10996",
    archivePrefix = "arXiv",
    primaryClass = "hep-th",
    doi = "10.1007/JHEP03(2020)149",
    journal = "JHEP",
    volume = "03",
    pages = "149",
    year = "2020"
}


@article{Page:1993wv,
    author = "Page, Don N.",
    title = "{Information in black hole radiation}",
    eprint = "hep-th/9306083",
    archivePrefix = "arXiv",
    reportNumber = "ALBERTA-THY-24-93",
    doi = "10.1103/PhysRevLett.71.3743",
    journal = "Phys. Rev. Lett.",
    volume = "71",
    pages = "3743--3746",
    year = "1993"
}



@article{Polyakov:1981rd,
      author         = "Polyakov, Alexander M.",
      title          = "{Quantum Geometry of Bosonic Strings}",
      journal        = "Phys. Lett.",
      volume         = "103B",
      year           = "1981",
      pages          = "207-210",
      doi            = "10.1016/0370-2693(81)90743-7",
      note           = "[,598(1981); ,598(1981); ,598(1981)]",
      reportNumber   = "Print-81-0351 (LANDAU INST)",
      SLACcitation   = "%%CITATION = PHLTA,103B,207;%%"
}

@article{Alvarez:1982zi,
      author         = "Alvarez, Orlando",
      title          = "{Theory of Strings with Boundaries: Fluctuations,
                        Topology, and Quantum Geometry}",
      journal        = "Nucl. Phys.",
      volume         = "B216",
      year           = "1983",
      pages          = "125-184",
      doi            = "10.1016/0550-3213(83)90490-X",
      reportNumber   = "CLNS 82/539",
      SLACcitation   = "%%CITATION = NUPHA,B216,125;%%"
}

@article{Frolov:1996hd,
      author         = "Frolov, Valeri P. and Israel, Werner and Solodukhin,
                        Sergei N.",
      title          = "{On one loop quantum corrections to the thermodynamics of
                        charged black holes}",
      journal        = "Phys. Rev.",
      volume         = "D54",
      year           = "1996",
      pages          = "2732-2745",
      doi            = "10.1103/PhysRevD.54.2732",
      eprint         = "hep-th/9602105",
      archivePrefix  = "arXiv",
      primaryClass   = "hep-th",
      reportNumber   = "ALBERTA-THY-06-96",
      SLACcitation   = "%%CITATION = HEP-TH/9602105;%%"
}

@article{Rozali:2019day,
    author = "Rozali, Moshe and Sully, James and Van Raamsdonk, Mark and Waddell, Christopher and Wakeham, David",
    title = "{Information radiation in BCFT models of black holes}",
    eprint = "1910.12836",
    archivePrefix = "arXiv",
    primaryClass = "hep-th",
    doi = "10.1007/JHEP05(2020)004",
    journal = "JHEP",
    volume = "05",
    pages = "004",
    year = "2020"
}

@article{israel1966singular,
  title={Singular hypersurfaces and thin shells in general relativity},
  author={Israel, Werner},
  journal={Il Nuovo Cimento B},
  volume={44},
  number={1},
  pages={1--14},
  year={1966},
  publisher={Springer}
}


@article{Hartman:2020swn,
    author = "Hartman, Thomas and Shaghoulian, Edgar and Strominger, Andrew",
    title = "{Islands in Asymptotically Flat 2D Gravity}",
    eprint = "2004.13857",
    archivePrefix = "arXiv",
    primaryClass = "hep-th",
    month = "4",
    year = "2020"
}


@article{Fefferman:2007rka,
      author         = "Fefferman, Charles and Graham, C. Robin",
      title          = "{The ambient metric}",
      journal        = "Ann. Math. Stud.",
      volume         = "178",
      year           = "2011",
      pages          = "1-128",
      eprint         = "0710.0919",
      archivePrefix  = "arXiv",
      primaryClass   = "math.DG",
      SLACcitation   = "%%CITATION = ARXIV:0710.0919;%%"
}

@article{FG,
    author         = "Fefferman, Charles and Graham, C. Robin",
    title          = "{Conformal invariants}",
    journal = {in {\it The Mathematical Heritage
of \'Elie Cartan (Lyon, 1984)}, Ast\'erisque,},
      volume         = "{\rm Numero Hors Serie}",
      year           = "1985",
      pages          = "95-116"
}

@article{PhysRevLett.28.1082,
  title = {Role of Conformal Three-Geometry in the Dynamics of Gravitation},
  author = {York, James W.},
  journal = {Phys. Rev. Lett.},
  volume = {28},
  issue = {16},
  pages = {1082--1085},
  numpages = {0},
  year = {1972},
  month = {Apr},
  publisher = {American Physical Society},
  doi = {10.1103/PhysRevLett.28.1082},
  url = {http://link.aps.org/doi/10.1103/PhysRevLett.28.1082}
}



@article{Jackiw:1984je,
      author         = "Jackiw, R.",
      title          = "{Lower Dimensional Gravity}",
      booktitle      = "{1984 Meeting of the Division of Particles and Fields of the APS Santa Fe, New Mexico, October 31-November 3,
                        1984}",
      journal        = "Nucl. Phys.",
      volume         = "B252",
      year           = "1985",
      pages          = "343-356",
      doi            = "10.1016/0550-3213(85)90448-1",
      reportNumber   = "MIT-CTP-1203",
      SLACcitation   = "%%CITATION = NUPHA,B252,343;%%"
}

@article{Teitelboim:1983ux,
      author         = "Teitelboim, C.",
      title          = "{Gravitation and Hamiltonian Structure in Two Space-Time Dimensions}",
      journal        = "Phys. Lett.",
      volume         = "126B",
      year           = "1983",
      pages          = "41-45",
      doi            = "10.1016/0370-2693(83)90012-6",
      SLACcitation   = "%%CITATION = PHLTA,126B,41;%%"
}

@book{Gradshteyn:1702455,
      author        = "Gradshteyn, Izrail Solomonovich and Ryzhik, I M and
                       Zwillinger, Daniel and Moll, Victor",
      title         = "{Table of integrals, series, and products; 8th ed.}",
      publisher     = "Academic Press",
      address       = "Amsterdam",
      month         = "Sep",
      year          = "2014",
      url           = "https://cds.cern.ch/record/1702455",
      doi           = "0123849330",
}

%replaces {maldacena2016conformal}
@article{Maldacena:2016upp,
      author         = "Maldacena, Juan and Stanford, Douglas and Yang, Zhenbin",
      title          = "{Conformal symmetry and its breaking in two dimensional Nearly Anti-de-Sitter space}",
      journal        = "PTEP",
      volume         = "2016",
      year           = "2016",
      number         = "12",
      pages          = "12C104",
      doi            = "10.1093/ptep/ptw124",
      eprint         = "1606.01857",
      archivePrefix  = "arXiv",
      primaryClass   = "hep-th",
      SLACcitation   = "%%CITATION = ARXIV:1606.01857;%%"
}

@article{Almheiri:2019yqk,
      author         = "Almheiri, Ahmed and Mahajan, Raghu and Maldacena, Juan",
      title          = "{Islands outside the horizon}",
      year           = "2019",
      eprint         = "1910.11077",
      archivePrefix  = "arXiv",
      primaryClass   = "hep-th",
      SLACcitation   = "%%CITATION = ARXIV:1910.11077;%%"
}


@article{Almheiri:2019psf,
      author         = "Almheiri, Ahmed and Engelhardt, Netta and Marolf, Donald and Maxfield, Henry",
      title          = "{The entropy of bulk quantum fields and the entanglement
                        wedge of an evaporating black hole}",
      journal        = "JHEP",
      volume         = "12",
      year           = "2019",
      pages          = "063",
      doi            = "10.1007/JHEP12(2019)063",
      eprint         = "1905.08762",
      archivePrefix  = "arXiv",
      primaryClass   = "hep-th",
      SLACcitation   = "%%CITATION = ARXIV:1905.08762;%%"
}

@article{Fursaev:1994ea,
      author         = "Fursaev, Dmitri V. and Solodukhin, Sergei N.",
      title          = "{On one loop renormalization of black hole entropy}",
      journal        = "Phys. Lett.",
      volume         = "B365",
      year           = "1996",
      pages          = "51-55",
      doi            = "10.1016/0370-2693(95)01290-7",
      eprint         = "hep-th/9412020",
      archivePrefix  = "arXiv",
      primaryClass   = "hep-th",
      reportNumber   = "JINR-E2-94-462",
      SLACcitation   = "%%CITATION = HEP-TH/9412020;%%"
}

@article{Fursaev:1995ef,
      author         = "Fursaev, Dmitri V. and Solodukhin, Sergey N.",
      title          = "{On the description of the Riemannian geometry in the
                        presence of conical defects}",
      journal        = "Phys. Rev.",
      volume         = "D52",
      year           = "1995",
      pages          = "2133-2143",
      doi            = "10.1103/PhysRevD.52.2133",
      eprint         = "hep-th/9501127",
      archivePrefix  = "arXiv",
      primaryClass   = "hep-th",
      reportNumber   = "JINR-E2-95-28, JINR, E2-95-28",
      SLACcitation   = "%%CITATION = HEP-TH/9501127;%%"
}

@article{Goto:2018iay,
      author         = "Goto, Kanato and Marrochio, Hugo and Myers, Robert C. and
                        Queimada, Leonel and Yoshida, Beni",
      title          = "{Holographic Complexity Equals Which Action?}",
      journal        = "JHEP",
      volume         = "02",
      year           = "2019",
      pages          = "160",
      doi            = "10.1007/JHEP02(2019)160",
      eprint         = "1901.00014",
      archivePrefix  = "arXiv",
      primaryClass   = "hep-th",
      SLACcitation   = "%%CITATION = ARXIV:1901.00014;%%"
}

@article{Bernamonti:2019zyy,
      author         = "Bernamonti, Alice and Galli, Federico and Hernandez, Juan  and Myers, Robert C. and Ruan, Shan-Ming and Sim\'on, Joan",
      title          = "{First Law of Holographic Complexity}",
      journal        = "Phys. Rev. Lett.",
      volume         = "123",
      year           = "2019",
      number         = "8",
      pages          = "081601",
      doi            = "10.1103/PhysRevLett.123.081601",
      eprint         = "1903.04511",
      archivePrefix  = "arXiv",
      primaryClass   = "hep-th",
      SLACcitation   = "%%CITATION = ARXIV:1903.04511;%%"
}

% replaces: wip88
@article{Bernamonti:2020bcf,
    author = "Bernamonti, Alice and Galli, Federico and Hernandez, Juan and Myers, Robert C. and Ruan, Shan-Ming and Simón, Joan",
    archivePrefix = "arXiv",
    eprint = "2002.05779",
    month = "2",
    primaryClass = "hep-th",
    title = "{Aspects of The First Law of Complexity}",
    year = "2020"
}

@article{Dvali:2007hz,
      author         = "Dvali, Gia",
      title          = "{Black Holes and Large N Species Solution to the
                        Hierarchy Problem}",
      journal        = "Fortsch. Phys.",
      volume         = "58",
      year           = "2010",
      pages          = "528-536",
      doi            = "10.1002/prop.201000009",
      eprint         = "0706.2050",
      archivePrefix  = "arXiv",
      primaryClass   = "hep-th",
      SLACcitation   = "%%CITATION = ARXIV:0706.2050;%%"
}

@article{Dvali:2007wp,
      author         = "Dvali, Gia and Redi, Michele",
      title          = "{Black Hole Bound on the Number of Species and Quantum
                        Gravity at LHC}",
      journal        = "Phys. Rev.",
      volume         = "D77",
      year           = "2008",
      pages          = "045027",
      doi            = "10.1103/PhysRevD.77.045027",
      eprint         = "0710.4344",
      archivePrefix  = "arXiv",
      primaryClass   = "hep-th",
      SLACcitation   = "%%CITATION = ARXIV:0710.4344;%%"
}

@article{Reeb:2009rm,
      author         = "Reeb, David",
      title          = "{Running of Newton's Constant and Quantum Gravitational
                        Effects}",
      booktitle      = "{Proceedings, International School of Subnuclear Physics
                        2008: 46th Course: Predicted and Totally Unexpected in the
                        Energy Frontier Opened by LHC: Erice, Italy, August
                        29-September 7, 2008}",
      journal        = "Subnucl. Ser.",
      volume         = "46",
      year           = "2011",
      pages          = "651-660",
      doi            = "10.1142/9789814340212_0029",
      eprint         = "0901.2963",
      archivePrefix  = "arXiv",
      primaryClass   = "hep-th",
      SLACcitation   = "%%CITATION = ARXIV:0901.2963;%%"
}

@article{Shiromizu:1999wj,
      author         = "Shiromizu, Tetsuya and Maeda, Kei-ichi and Sasaki, Misao",
      title          = "{The Einstein equation on the 3-brane world}",
      journal        = "Phys. Rev.",
      volume         = "D62",
      year           = "2000",
      pages          = "024012",
      doi            = "10.1103/PhysRevD.62.024012",
      eprint         = "gr-qc/9910076",
      archivePrefix  = "arXiv",
      primaryClass   = "gr-qc",
      reportNumber   = "DAMTP-1999-150, OUTAP-103, UTAP-349, RESCEU-40-99",
      SLACcitation   = "%%CITATION = GR-QC/9910076;%%"
}

@article{Gubser:1999vj,
      author         = "Gubser, Steven S.",
      title          = "{AdS / CFT and gravity}",
      journal        = "Phys. Rev.",
      volume         = "D63",
      year           = "2001",
      pages          = "084017",
      doi            = "10.1103/PhysRevD.63.084017",
      eprint         = "hep-th/9912001",
      archivePrefix  = "arXiv",
      primaryClass   = "hep-th",
      reportNumber   = "HUTP-99-A065",
      SLACcitation   = "%%CITATION = HEP-TH/9912001;%%"
}

@article{Verlinde:1999fy,
      author         = "Verlinde, Herman L.",
      title          = "{Holography and compactification}",
      journal        = "Nucl. Phys.",
      volume         = "B580",
      year           = "2000",
      pages          = "264-274",
      doi            = "10.1016/S0550-3213(00)00224-8",
      eprint         = "hep-th/9906182",
      archivePrefix  = "arXiv",
      primaryClass   = "hep-th",
      reportNumber   = "PUPT-1872, ITFA-99-14",
      SLACcitation   = "%%CITATION = HEP-TH/9906182;%%"
}

@article{Emparan:2006ni,
      author         = "Emparan, Roberto",
      title          = "{Black hole entropy as entanglement entropy: A
                        Holographic derivation}",
      journal        = "JHEP",
      volume         = "06",
      year           = "2006",
      pages          = "012",
      doi            = "10.1088/1126-6708/2006/06/012",
      eprint         = "hep-th/0603081",
      archivePrefix  = "arXiv",
      primaryClass   = "hep-th",
      SLACcitation   = "%%CITATION = HEP-TH/0603081;%%"
}

@article{Henningson:1998gx,
      author         = "Henningson, M. and Skenderis, K.",
      title          = "{The Holographic Weyl anomaly}",
      journal        = "JHEP",
      volume         = "07",
      year           = "1998",
      pages          = "023",
      doi            = "10.1088/1126-6708/1998/07/023",
      eprint         = "hep-th/9806087",
      archivePrefix  = "arXiv",
      primaryClass   = "hep-th",
      reportNumber   = "CERN-TH-98-188, KUL-TF-98-21",
      SLACcitation   = "%%CITATION = HEP-TH/9806087;%%"
}

@article{Henningson:1998ey,
      author         = "Henningson, Mans and Skenderis, Kostas",
      title          = "{Holography and the Weyl anomaly}",
      booktitle      = "{Quantum aspects of gauge theories, supersymmetry and  unification. Proceedings, 2nd International Conference,  Corfu, Greece, September 20-26, 1998}",
      journal        = "Fortsch. Phys.",
      volume         = "48",
      year           = "2000",
      pages          = "125-128",
      doi            = "10.1002/(SICI)1521-3978(20001)48:1/3<125::AID-PROP125>3.0.CO;2-B,
                        10.1002/(SICI)1521-3978(20001)48:1/3<125::AID-PROP125>3.3.CO;2-2",
      eprint         = "hep-th/9812032",
      archivePrefix  = "arXiv",
      primaryClass   = "hep-th",
      reportNumber   = "GOTEBORG-ITP-98-14, SPIN-1998-08, SPIN-1998-8",
      SLACcitation   = "%%CITATION = HEP-TH/9812032;%%"
}

@article{Burgess:1999vb,
      author         = "Burgess, C. P. and Constable, N. R. and Myers, Robert C.",
      title          = "{The Free energy of N=4 superYang-Mills and the AdS / CFT
                        correspondence}",
      journal        = "JHEP",
      volume         = "08",
      year           = "1999",
      pages          = "017",
      doi            = "10.1088/1126-6708/1999/08/017",
      eprint         = "hep-th/9907188",
      archivePrefix  = "arXiv",
      primaryClass   = "hep-th",
      reportNumber   = "MCGILL-98-35",
      SLACcitation   = "%%CITATION = HEP-TH/9907188;%%"
}

@article{Duff:1977ay,
      author         = "Duff, M. J.",
      title          = "{Observations on Conformal Anomalies}",
      journal        = "Nucl. Phys.",
      volume         = "B125",
      year           = "1977",
      pages          = "334-348",
      doi            = "10.1016/0550-3213(77)90410-2",
      reportNumber   = "Print-77-0361 (QUEEN MARY COLL.)",
      SLACcitation   = "%%CITATION = NUPHA,B125,334;%%"
}

@article{Duff:1993wm,
      author         = "Duff, M. J.",
      title          = "{Twenty years of the Weyl anomaly}",
      booktitle      = "{Conference on Highlights of Particle and Condensed Matter Physics (SALAMFEST) Trieste, Italy, March 8-12,
                        1993}",
      journal        = "Class. Quant. Grav.",
      volume         = "11",
      year           = "1994",
      pages          = "1387-1404",
      doi            = "10.1088/0264-9381/11/6/004",
      eprint         = "hep-th/9308075",
      archivePrefix  = "arXiv",
      primaryClass   = "hep-th",
      reportNumber   = "CTP-TAMU-06-93",
      SLACcitation   = "%%CITATION = HEP-TH/9308075;%%"
}



@article{Myers:1987yn,
      author         = "Myers, Robert C.",
      title          = "{Higher Derivative Gravity, Surface Terms and String Theory}",
      journal        = "Phys. Rev.",
      volume         = "D36",
      year           = "1987",
      pages          = "392",
      doi            = "10.1103/PhysRevD.36.392",
      reportNumber   = "NSF-ITP-87-16",
      SLACcitation   = "%%CITATION = PHRVA,D36,392;%%"
}

@article{Sarkar:2010xp,
      author         = "Sarkar, Sudipta and Wall, Aron C.",
      title          = "{Second Law Violations in Lovelock Gravity for Black Hole
                        Mergers}",
      journal        = "Phys. Rev.",
      volume         = "D83",
      year           = "2011",
      pages          = "124048",
      doi            = "10.1103/PhysRevD.83.124048",
      eprint         = "1011.4988",
      archivePrefix  = "arXiv",
      primaryClass   = "gr-qc",
      SLACcitation   = "%%CITATION = ARXIV:1011.4988;%%"
}

@article{Chen:2019iro,
      author         = "Chen, Yiming",
      title          = "{Pulling Out the Island with Modular Flow}",
      year           = "2019",
      eprint         = "1912.02210",
      archivePrefix  = "arXiv",
      primaryClass   = "hep-th",
      SLACcitation   = "%%CITATION = ARXIV:1912.02210;%%"
}

@article{Almheiri:2019qdq,
      author         = "Almheiri, Ahmed and Hartman, Thomas and Maldacena, Juan
                        and Shaghoulian, Edgar and Tajdini, Amirhossein",
      title          = "{Replica Wormholes and the Entropy of Hawking Radiation}",
      year           = "2019",
      eprint         = "1911.12333",
      archivePrefix  = "arXiv",
      primaryClass   = "hep-th",
      SLACcitation   = "%%CITATION = ARXIV:1911.12333;%%"
}

@article{Penington:2019kki,
      author         = "Penington, Geoff and Shenker, Stephen H. and Stanford,
                        Douglas and Yang, Zhenbin",
      title          = "{Replica wormholes and the black hole interior}",
      year           = "2019",
      eprint         = "1911.11977",
      archivePrefix  = "arXiv",
      primaryClass   = "hep-th",
      SLACcitation   = "%%CITATION = ARXIV:1911.11977;%%"
}

@article{Chen:2019uhq,
      author         = "Chen, Hong Zhe and Fisher, Zachary and Hernandez, Juan and Myers, Robert C. and Ruan, Shan-Ming",
      title          = "{Information Flow in Black Hole Evaporation}",
      year           = "2019",
      eprint         = "1911.03402",
      archivePrefix  = "arXiv",
      primaryClass   = "hep-th",
      SLACcitation   = "%%CITATION = ARXIV:1911.03402;%%"
}

@article{Penington:2019npb,
      author         = "Penington, Geoffrey",
      title          = "{Entanglement Wedge Reconstruction and the Information  Paradox}",
      year           = "2019",
      eprint         = "1905.08255",
      archivePrefix  = "arXiv",
      primaryClass   = "hep-th",
      SLACcitation   = "%%CITATION = ARXIV:1905.08255;%%"
}
  
@article{Almheiri:2019psy,
      author         = "Almheiri, Ahmed and Mahajan, Raghu and Santos, Jorge E.",
      title          = "{Entanglement islands in higher dimensions}",
      year           = "2019",
      eprint         = "1911.09666",
      archivePrefix  = "arXiv",
      primaryClass   = "hep-th",
      SLACcitation   = "%%CITATION = ARXIV:1911.09666;%%"
}

@article{Wald:1993nt,
      author         = "Wald, Robert M.",
      title          = "{Black hole entropy is the Noether charge}",
      journal        = "Phys. Rev.",
      volume         = "D48",
      year           = "1993",
      number         = "8",
      pages          = "R3427-R3431",
      doi            = "10.1103/PhysRevD.48.R3427",
      eprint         = "gr-qc/9307038",
      archivePrefix  = "arXiv",
      primaryClass   = "gr-qc",
      reportNumber   = "EFI-93-42",
      SLACcitation   = "%%CITATION = GR-QC/9307038;%%"
}

@article{Iyer:1994ys,
      author         = "Iyer, Vivek and Wald, Robert M.",
      title          = "{Some properties of Noether charge and a proposal for
                        dynamical black hole entropy}",
      journal        = "Phys. Rev.",
      volume         = "D50",
      year           = "1994",
      pages          = "846-864",
      doi            = "10.1103/PhysRevD.50.846",
      eprint         = "gr-qc/9403028",
      archivePrefix  = "arXiv",
      primaryClass   = "gr-qc",
      SLACcitation   = "%%CITATION = GR-QC/9403028;%%"
}

@article{Jacobson:1993vj,
      author         = "Jacobson, Ted and Kang, Gungwon and Myers, Robert C.",
      title          = "{On black hole entropy}",
      journal        = "Phys. Rev.",
      volume         = "D49",
      year           = "1994",
      pages          = "6587-6598",
      doi            = "10.1103/PhysRevD.49.6587",
      eprint         = "gr-qc/9312023",
      archivePrefix  = "arXiv",
      primaryClass   = "gr-qc",
      reportNumber   = "MCGILL-93-22, NSF-ITP-93-152, UMDGR-94-75",
      SLACcitation   = "%%CITATION = GR-QC/9312023;%%"
}

@article{Faulkner:2017vdd,
      author         = "Faulkner, Thomas and Lewkowycz, Aitor",
      title          = "{Bulk locality from modular flow}",
      journal        = "JHEP",
      volume         = "07",
      year           = "2017",
      pages          = "151",
      doi            = "10.1007/JHEP07(2017)151",
      eprint         = "1704.05464",
      archivePrefix  = "arXiv",
      primaryClass   = "hep-th",
      SLACcitation   = "%%CITATION = ARXIV:1704.05464;%%"
}

@article{Cotler:2017erl,
      author         = "Cotler, Jordan and Hayden, Patrick and Penington,
                        Geoffrey and Salton, Grant and Swingle, Brian and Walter,
                        Michael",
      title          = "{Entanglement Wedge Reconstruction via Universal Recovery
                        Channels}",
      journal        = "Phys. Rev.",
      volume         = "X9",
      year           = "2019",
      number         = "3",
      pages          = "031011",
      doi            = "10.1103/PhysRevX.9.031011",
      eprint         = "1704.05839",
      archivePrefix  = "arXiv",
      primaryClass   = "hep-th",
      SLACcitation   = "%%CITATION = ARXIV:1704.05839;%%"
}

@article{Engelhardt:2014gca,
      author         = "Engelhardt, Netta and Wall, Aron C.",
      title          = "{Quantum Extremal Surfaces: Holographic Entanglement
                        Entropy beyond the Classical Regime}",
      journal        = "JHEP",
      volume         = "01",
      year           = "2015",
      pages          = "073",
      doi            = "10.1007/JHEP01(2015)073",
      eprint         = "1408.3203",
      archivePrefix  = "arXiv",
      primaryClass   = "hep-th",
      SLACcitation   = "%%CITATION = ARXIV:1408.3203;%%"
}

@article{Marolf:2020xie,
      author         = "Marolf, Donald and Maxfield, Henry",
      title          = "{Transcending the ensemble: baby universes, spacetime  wormholes, and the order and disorder of black hole
                        information}",
      year           = "2020",
      eprint         = "2002.08950",
      archivePrefix  = "arXiv",
      primaryClass   = "hep-th",
      SLACcitation   = "%%CITATION = ARXIV:2002.08950;%%"
}

@article{Hung:2011xb,
    author = "Hung, Ling-Yan and Myers, Robert C. and Smolkin, Michael",
    archivePrefix = "arXiv",
    doi = "10.1007/JHEP04(2011)025",
    eprint = "1101.5813",
    journal = "JHEP",
    pages = "025",
    primaryClass = "hep-th",
    title = "{On Holographic Entanglement Entropy and Higher Curvature Gravity}",
    volume = "04",
    year = "2011"
}

@article{Myers:1994sg,
    author = "Myers, Robert C.",
    archivePrefix = "arXiv",
    doi = "10.1103/PhysRevD.50.6412",
    eprint = "hep-th/9405162",
    journal = "Phys.\ Rev.\ D",
    pages = "6412--6421",
    reportNumber = "MCGILL-94-22",
    title = "{Black hole entropy in two-dimensions}",
    volume = "50",
    year = "1994"
}

@article{Balasubramanian:2013rqa,
    author = "Balasubramanian, Vijay and Czech, Bartlomiej and Chowdhury, Borun D. and de Boer, Jan",
    archivePrefix = "arXiv",
    doi = "10.1007/JHEP10(2013)220",
    eprint = "1305.0856",
    journal = "JHEP",
    pages = "220",
    primaryClass = "hep-th",
    title = "{The entropy of a hole in spacetime}",
    volume = "10",
    year = "2013"
}

@article{Balasubramanian:2013lsa,
    author = "Balasubramanian, Vijay and Chowdhury, Borun D. and Czech, Bartlomiej and de Boer, Jan and Heller, Michal P.",
    archivePrefix = "arXiv",
    doi = "10.1103/PhysRevD.89.086004",
    eprint = "1310.4204",
    journal = "Phys.\ Rev.\ D",
    number = "8",
    pages = "086004",
    primaryClass = "hep-th",
    title = "{Bulk curves from boundary data in holography}",
    volume = "89",
    year = "2014"
}

@article{Czech:2014wka,
    author = "Czech, Bartlomiej and Dong, Xi and Sully, James",
    archivePrefix = "arXiv",
    doi = "10.1007/JHEP11(2014)015",
    eprint = "1406.4889",
    journal = "JHEP",
    pages = "015",
    primaryClass = "hep-th",
    reportNumber = "SU-ITP-14-16, SLAC-PUB-15984",
    title = "{Holographic Reconstruction of General Bulk Surfaces}",
    volume = "11",
    year = "2014"
}

@article{Myers:2014jia,
    author = "Myers, Robert C. and Rao, Junjie and Sugishita, Sotaro",
    archivePrefix = "arXiv",
    doi = "10.1007/JHEP06(2014)044",
    eprint = "1403.3416",
    journal = "JHEP",
    pages = "044",
    primaryClass = "hep-th",
    title = "{Holographic Holes in Higher Dimensions}",
    volume = "06",
    year = "2014"
}

@article{Headrick:2014eia,
    author = "Headrick, Matthew and Myers, Robert C. and Wien, Jason",
    archivePrefix = "arXiv",
    doi = "10.1007/JHEP10(2014)149",
    eprint = "1408.4770",
    journal = "JHEP",
    pages = "149",
    primaryClass = "hep-th",
    reportNumber = "BRX-TH-6283",
    title = "{Holographic Holes and Differential Entropy}",
    volume = "10",
    year = "2014"
}

@article{domino,
    author = "Neuenfeld, Dominik and Others",
    journal = "in preparation",
    title = "",
}

@article{Maldacena:2016hyu,
    author = "Maldacena, Juan and Stanford, Douglas",
    archivePrefix = "arXiv",
    doi = "10.1103/PhysRevD.94.106002",
    eprint = "1604.07818",
    journal = "Phys. Rev. D",
    number = "10",
    pages = "106002",
    primaryClass = "hep-th",
    title = "{Remarks on the Sachdev-Ye-Kitaev model}",
    volume = "94",
    year = "2016"
}   

@article{Sachdev:1992fk,
    author = "Sachdev, Subir and Ye, Jinwu",
    archivePrefix = "arXiv",
    doi = "10.1103/PhysRevLett.70.3339",
    eprint = "cond-mat/9212030",
    journal = "Phys. Rev. Lett.",
    pages = "3339",
    reportNumber = "PRINT-93-0077",
    title = "{Gapless spin fluid ground state in a random, quantum Heisenberg magnet}",
    volume = "70",
    year = "1993"
} 

@article{Sachdev:2010um,
    author = "Sachdev, Subir",
    archivePrefix = "arXiv",
    doi = "10.1103/PhysRevLett.105.151602",
    eprint = "1006.3794",
    journal = "Phys. Rev. Lett.",
    pages = "151602",
    primaryClass = "hep-th",
    title = "{Holographic metals and the fractionalized Fermi liquid}",
    volume = "105",
    year = "2010"
}

@article{Ktalks,
 author = "Kitaev, Alexei",
 title = "{A simple model of quantum holography}",
 eprint = "http://online.kitp.ucsb.edu/online/entangled15/kitaev/, http://online.kitp.ucsb.edu/online/entangled15/kitaev2/",
 journal = "Talks at KITP on April 7, 2015 and May 27, 2015"
 }
 
 @article{Karch:2001cw,
    author = "Karch, Andreas and Randall, Lisa",
    archivePrefix = "arXiv",
    doi = "10.1103/PhysRevLett.87.061601",
    eprint = "hep-th/0105108",
    journal = "Phys. Rev. Lett.",
    pages = "061601",
    title = "{Localized gravity in string theory}",
    volume = "87",
    year = "2001"
}

@article{Takayanagi:2017knl,
    author = "Takayanagi, Tadashi and Umemoto, Koji",
    archivePrefix = "arXiv",
    doi = "10.1038/s41567-018-0075-2",
    eprint = "1708.09393",
    journal = "Nature Phys.",
    number = "6",
    pages = "573--577",
    primaryClass = "hep-th",
    reportNumber = "YITP-17-89, IPMU17-0115",
    title = "{Entanglement of purification through holographic duality}",
    volume = "14",
    year = "2018"
}

@article{Nguyen:2017yqw,
    author = "Nguyen, Phuc and Devakul, Trithep and Halbasch, Matthew G. and Zaletel, Michael P. and Swingle, Brian",
    archivePrefix = "arXiv",
    doi = "10.1007/JHEP01(2018)098",
    eprint = "1709.07424",
    journal = "JHEP",
    pages = "098",
    primaryClass = "hep-th",
    title = "{Entanglement of purification: from spin chains to holography}",
    volume = "01",
    year = "2018"
}

@article{Dutta:2019gen,
    author = "Dutta, Souvik and Faulkner, Thomas",
    archivePrefix = "arXiv",
    eprint = "1905.00577",
    month = "5",
    primaryClass = "hep-th",
    title = "{A canonical purification for the entanglement wedge cross-section}",
    year = "2019"
}

@article{Bueno:2020vnx,
    author = "Bueno, Pablo and Casini, Horacio",
    archivePrefix = "arXiv",
    eprint = "2003.09546",
    month = "3",
    primaryClass = "hep-th",
    title = "{Reflected entropy, symmetries and free fermions}",
    year = "2020"
}

@article{Gautason:2020tmk,
    author = "Gautason, Fridrik Freyr and Schneiderbauer, Lukas and Sybesma, Watse and Thorlacius, Larus",
    archivePrefix = "arXiv",
    eprint = "2004.00598",
    month = "4",
    primaryClass = "hep-th",
    title = "{Page Curve for an Evaporating Black Hole}",
    year = "2020"
}

@article{Saad:2018bqo,
    author = "Saad, Phil and Shenker, Stephen H. and Stanford, Douglas",
    archivePrefix = "arXiv",
    eprint = "1806.06840",
    month = "6",
    primaryClass = "hep-th",
    title = "{A semiclassical ramp in SYK and in gravity}",
    year = "2018"
}

@article{Saad:2019lba,
    author = "Saad, Phil and Shenker, Stephen H. and Stanford, Douglas",
    archivePrefix = "arXiv",
    eprint = "1903.11115",
    month = "3",
    primaryClass = "hep-th",
    title = "{JT gravity as a matrix integral}",
    year = "2019"
}

@article{Kusuki:2019rbk,
    author = "Kusuki, Yuya and Tamaoka, Kotaro",
    title = "{Dynamics of Entanglement Wedge Cross Section from Conformal Field Theories}",
    eprint = "1907.06646",
    archivePrefix = "arXiv",
    primaryClass = "hep-th",
    reportNumber = "YITP-19-60",
    month = "7",
    year = "2019"
}

@article{Kusuki:2019evw,
    author = "Kusuki, Yuya and Tamaoka, Kotaro",
    title = "{Entanglement Wedge Cross Section from CFT: Dynamics of Local Operator Quench}",
    eprint = "1909.06790",
    archivePrefix = "arXiv",
    primaryClass = "hep-th",
    reportNumber = "YITP-19-82",
    doi = "10.1007/JHEP02(2020)017",
    journal = "JHEP",
    volume = "02",
    pages = "017",
    year = "2020"
}

@article{Tamaoka:2018ned,
    author = "Tamaoka, Kotaro",
    title = "{Entanglement Wedge Cross Section from the Dual Density Matrix}",
    eprint = "1809.09109",
    archivePrefix = "arXiv",
    primaryClass = "hep-th",
    reportNumber = "OU-HET-979",
    doi = "10.1103/PhysRevLett.122.141601",
    journal = "Phys. Rev. Lett.",
    volume = "122",
    number = "14",
    pages = "141601",
    year = "2019"
}

@article{Kudler-Flam:2018qjo,
    author = "Kudler-Flam, Jonah and Ryu, Shinsei",
    title = "{Entanglement negativity and minimal entanglement wedge cross sections in holographic theories}",
    eprint = "1808.00446",
    archivePrefix = "arXiv",
    primaryClass = "hep-th",
    doi = "10.1103/PhysRevD.99.106014",
    journal = "Phys. Rev. D",
    volume = "99",
    number = "10",
    pages = "106014",
    year = "2019"
}

@article{Kusuki:2019zsp,
    author = "Kusuki, Yuya and Kudler-Flam, Jonah and Ryu, Shinsei",
    title = "{Derivation of Holographic Negativity in AdS$_3$/CFT$_2$}",
    eprint = "1907.07824",
    archivePrefix = "arXiv",
    primaryClass = "hep-th",
    reportNumber = "YITP-19-65",
    doi = "10.1103/PhysRevLett.123.131603",
    journal = "Phys. Rev. Lett.",
    volume = "123",
    number = "13",
    pages = "131603",
    year = "2019"
}











@article{Chiodaroli:2009yw,
    author = "Chiodaroli, Marco and Gutperle, Michael and Krym, Darya",
    title = "{Half-BPS Solutions locally asymptotic to AdS(3) x S**3 and interface conformal field theories}",
    eprint = "0910.0466",
    archivePrefix = "arXiv",
    primaryClass = "hep-th",
    reportNumber = "KUL-TF-09-21",
    doi = "10.1007/JHEP02(2010)066",
    journal = "JHEP",
    volume = "02",
    pages = "066",
    year = "2010"
}


@article{Chiodaroli:2010mv,
    author = "Chiodaroli, Marco and Gutperle, Michael and Hung, Ling-Yan and Krym, Darya",
    title = "{String Junctions and Holographic Interfaces}",
    eprint = "1010.2758",
    archivePrefix = "arXiv",
    primaryClass = "hep-th",
    reportNumber = "IGC-10-10-1, KUL-TF-10-07",
    doi = "10.1103/PhysRevD.83.026003",
    journal = "Phys. Rev. D",
    volume = "83",
    pages = "026003",
    year = "2011"
}


@article{Chiodaroli:2011nr,
    author = "Chiodaroli, Marco and D'Hoker, Eric and Guo, Yu and Gutperle, Michael",
    title = "{Exact half-BPS string-junction solutions in six-dimensional supergravity}",
    eprint = "1107.1722",
    archivePrefix = "arXiv",
    primaryClass = "hep-th",
    reportNumber = "IGC-11-7-1",
    doi = "10.1007/JHEP12(2011)086",
    journal = "JHEP",
    volume = "12",
    pages = "086",
    year = "2011"
}



@article{Chiodaroli:2011fn,
    author = "Chiodaroli, Marco and D'Hoker, Eric and Gutperle, Michael",
    title = "{Simple Holographic Duals to Boundary CFTs}",
    eprint = "1111.6912",
    archivePrefix = "arXiv",
    primaryClass = "hep-th",
    reportNumber = "IGC-11-11-2",
    doi = "10.1007/JHEP02(2012)005",
    journal = "JHEP",
    volume = "02",
    pages = "005",
    year = "2012"
}

@article{Chiodaroli:2012vc,
    author = "Chiodaroli, Marco and D'Hoker, Eric and Gutperle, Michael",
    title = "{Holographic duals of Boundary CFTs}",
    eprint = "1205.5303",
    archivePrefix = "arXiv",
    primaryClass = "hep-th",
    reportNumber = "IGC-12-5-1",
    doi = "10.1007/JHEP07(2012)177",
    journal = "JHEP",
    volume = "07",
    pages = "177",
    year = "2012"
}

@article{DHoker:2006vfr,
    author = "D'Hoker, Eric and Estes, John and Gutperle, Michael",
    title = "{Ten-dimensional supersymmetric Janus solutions}",
    eprint = "hep-th/0603012",
    archivePrefix = "arXiv",
    reportNumber = "UCLA-06-TEP-02",
    doi = "10.1016/j.nuclphysb.2006.08.017",
    journal = "Nucl. Phys. B",
    volume = "757",
    pages = "79--116",
    year = "2006"
}

@article{DHoker:2007hhe,
    author = "D'Hoker, Eric and Estes, John and Gutperle, Michael",
    title = "{Exact half-BPS Type IIB interface solutions. II. Flux solutions and multi-Janus}",
    eprint = "0705.0024",
    archivePrefix = "arXiv",
    primaryClass = "hep-th",
    reportNumber = "UCLA-07-TEP-10",
    doi = "10.1088/1126-6708/2007/06/022",
    journal = "JHEP",
    volume = "06",
    pages = "022",
    year = "2007"
}

@article{Aharony:2011yc,
    author = "Aharony, Ofer and Berdichevsky, Leon and Berkooz, Micha and Shamir, Itamar",
    title = "{Near-horizon solutions for D3-branes ending on 5-branes}",
    eprint = "1106.1870",
    archivePrefix = "arXiv",
    primaryClass = "hep-th",
    reportNumber = "WIS-5-11-MAY-DPPA",
    doi = "10.1103/PhysRevD.84.126003",
    journal = "Phys. Rev. D",
    volume = "84",
    pages = "126003",
    year = "2011"
}

@article{DHoker:2008rje,
    author = "D'Hoker, Eric and Estes, John and Gutperle, Michael and Krym, Darya",
    title = "{Exact Half-BPS Flux Solutions in M-theory II: Global solutions asymptotic to AdS(7) x S**4}",
    eprint = "0810.4647",
    archivePrefix = "arXiv",
    primaryClass = "hep-th",
    reportNumber = "UCLA-08-TEP-29, CPHT-RR079-1008",
    doi = "10.1088/1126-6708/2008/12/044",
    journal = "JHEP",
    volume = "12",
    pages = "044",
    year = "2008"
}

@article{Berdichevsky:2013ija,
    author = "Berdichevsky, Leon and Dahan, Bat-el",
    title = "{Local gravitational solutions dual to M2-branes intersecting and/or ending on M5-branes}",
    eprint = "1304.4389",
    archivePrefix = "arXiv",
    primaryClass = "hep-th",
    reportNumber = "WIS-02-13-APR-DPPA",
    doi = "10.1007/JHEP08(2013)061",
    journal = "JHEP",
    volume = "08",
    pages = "061",
    year = "2013"
}

@article{DeWolfe:2001pq,
    author = "DeWolfe, Oliver and Freedman, Daniel Z. and Ooguri, Hirosi",
    title = "{Holography and defect conformal field theories}",
    eprint = "hep-th/0111135",
    archivePrefix = "arXiv",
    reportNumber = "CALT-68-2359, CITUSC-01-041, NSF-ITP-01-172, MIT-CTP-3212",
    doi = "10.1103/PhysRevD.66.025009",
    journal = "Phys. Rev. D",
    volume = "66",
    pages = "025009",
    year = "2002"
}


@inproceedings{Polchinski:2016hrw,
    author = "Polchinski, Joseph",
    title = "{The Black Hole Information Problem}",
    booktitle = "{Theoretical Advanced Study Institute in Elementary Particle Physics}: {New Frontiers in Fields and Strings}",
    eprint = "1609.04036",
    archivePrefix = "arXiv",
    primaryClass = "hep-th",
    doi = "10.1142/9789813149441\_0006",
    pages = "353--397",
    year = "2017"
}

@article{Wall:2011hj,
    author = "Wall, Aron C.",
    title = "{A proof of the generalized second law for rapidly changing fields and arbitrary horizon slices}",
    eprint = "1105.3445",
    archivePrefix = "arXiv",
    primaryClass = "gr-qc",
    doi = "10.1103/PhysRevD.85.104049",
    journal = "Phys. Rev. D",
    volume = "85",
    pages = "104049",
    year = "2012",
    note = "[Erratum: Phys.Rev.D 87, 069904 (2013)]"
}

@article{Wall:2009wm,
    author = "Wall, Aron C.",
    title = "{Ten Proofs of the Generalized Second Law}",
    eprint = "0901.3865",
    archivePrefix = "arXiv",
    primaryClass = "gr-qc",
    doi = "10.1088/1126-6708/2009/06/021",
    journal = "JHEP",
    volume = "06",
    pages = "021",
    year = "2009"
}

@article{Hollowood:2020cou,
    author = "Hollowood, Timothy J. and Kumar, S. Prem",
    title = "{Islands and Page Curves for Evaporating Black Holes in JT Gravity}",
    eprint = "2004.14944",
    archivePrefix = "arXiv",
    primaryClass = "hep-th",
    month = "4",
    year = "2020"
}

@article{Akers:2019nfi,
    author = "Akers, Chris and Engelhardt, Netta and Harlow, Daniel",
    title = "{Simple holographic models of black hole evaporation}",
    eprint = "1910.00972",
    archivePrefix = "arXiv",
    primaryClass = "hep-th",
    month = "10",
    year = "2019"
}

@article{Anegawa:2020ezn,
    author = "Anegawa, Takanori and Iizuka, Norihiro",
    title = "{Notes on islands in asymptotically flat 2d dilaton black holes}",
    eprint = "2004.01601",
    archivePrefix = "arXiv",
    primaryClass = "hep-th",
    reportNumber = "OU-HET-1051",
    month = "4",
    year = "2020"
}

@article{Hashimoto:2020cas,
    author = "Hashimoto, Koji and Iizuka, Norihiro and Matsuo, Yoshinori",
    title = "{Islands in Schwarzschild black holes}",
    eprint = "2004.05863",
    archivePrefix = "arXiv",
    primaryClass = "hep-th",
    reportNumber = "OU-HET-1053",
    month = "4",
    year = "2020"
}

@article{Sully:2020pza,
    author = "Sully, James and Van Raamsdonk, Mark and Wakeham, David",
    title = "{BCFT entanglement entropy at large central charge and the black hole interior}",
    eprint = "2004.13088",
    archivePrefix = "arXiv",
    primaryClass = "hep-th",
    month = "4",
    year = "2020"
}

@article{Balasubramanian:2020hfs,
    author = "Balasubramanian, Vijay and Kar, Arjun and Parrikar, Onkar and Sárosi, Gábor and Ugajin, Tomonori",
    title = "{Geometric secret sharing in a model of Hawking radiation}",
    eprint = "2003.05448",
    archivePrefix = "arXiv",
    primaryClass = "hep-th",
    reportNumber = "CERN-TH-2020-039",
    month = "3",
    year = "2020"
}





@article{Porrati:2001db,
    author = "Porrati, M.",
    title = "{Higgs phenomenon for 4-D gravity in anti-de Sitter space}",
    eprint = "hep-th/0112166",
    archivePrefix = "arXiv",
    reportNumber = "NYU-TH-01-12-03",
    doi = "10.1088/1126-6708/2002/04/058",
    journal = "JHEP",
    volume = "04",
    pages = "058",
    year = "2002"
}



@article{Karch:2000ct,
    author = "Karch, Andreas and Randall, Lisa",
    editor = "Duff, Michael J. and Liu, J.T. and Lu, J.",
    title = "{Locally localized gravity}",
    eprint = "hep-th/0011156",
    archivePrefix = "arXiv",
    reportNumber = "MIT-CTP-3099",
    doi = "10.1088/1126-6708/2001/05/008",
    journal = "JHEP",
    volume = "05",
    pages = "008",
    year = "2001"
}

@article{Schwartz:2000ip,
    author = "Schwartz, Matthew D.",
    title = "{The Emergence of localized gravity}",
    eprint = "hep-th/0011177",
    archivePrefix = "arXiv",
    reportNumber = "PUPT-1968",
    doi = "10.1016/S0370-2693(01)00152-6",
    journal = "Phys. Lett. B",
    volume = "502",
    pages = "223--228",
    year = "2001"
}

@article{Porrati:2001gx,
    author = "Porrati, Massimo",
    title = "{Mass and gauge invariance 4. Holography for the Karch-Randall model}",
    eprint = "hep-th/0109017",
    archivePrefix = "arXiv",
    reportNumber = "NYU-TH-01-08-02",
    doi = "10.1103/PhysRevD.65.044015",
    journal = "Phys. Rev. D",
    volume = "65",
    pages = "044015",
    year = "2002"
}

@article{Miemiec:2000eq,
    author = "Miemiec, Andre",
    title = "{A Power law for the lowest eigenvalue in localized massive gravity}",
    eprint = "hep-th/0011160",
    archivePrefix = "arXiv",
    reportNumber = "QMW-PH-00-14",
    doi = "10.1002/1521-3978(200107)49:7<747::AID-PROP747>3.0.CO;2-T",
    journal = "Fortsch. Phys.",
    volume = "49",
    pages = "747--755",
    year = "2001"
}

@article{Geng:2020qvw,
    author = "Geng, Hao and Karch, Andreas",
    title = "{Massive Islands}",
    eprint = "2006.02438",
    archivePrefix = "arXiv",
    primaryClass = "hep-th",
    month = "6",
    year = "2020"
}

@article{Aharony:2003qf,
    author = "Aharony, Ofer and DeWolfe, Oliver and Freedman, Daniel Z. and Karch, Andreas",
    title = "{Defect conformal field theory and locally localized gravity}",
    eprint = "hep-th/0303249",
    archivePrefix = "arXiv",
    reportNumber = "WIS-03-03-DPP, NSF-KITP-03-21, MIT-CTP-3352, UW-PT-03-06",
    doi = "10.1088/1126-6708/2003/07/030",
    journal = "JHEP",
    volume = "07",
    pages = "030",
    year = "2003"
}



@article{Karch:2001jb,
    author = "Karch, Andreas and Katz, Emanuel and Randall, Lisa",
    title = "{Absence of a VVDZ discontinuity in AdS(AdS)}",
    eprint = "hep-th/0106261",
    archivePrefix = "arXiv",
    reportNumber = "MIT-CTP-3148",
    doi = "10.1088/1126-6708/2001/12/016",
    journal = "JHEP",
    volume = "12",
    pages = "016",
    year = "2001"
}

@article{Bousso:2019ykv,
    author = "Bousso, Raphael and Toma\v sevi\'c, Marija",
    title = "{Unitarity From a Smooth Horizon?}",
    eprint = "1911.06305",
    archivePrefix = "arXiv",
    primaryClass = "hep-th",
    month = "11",
    year = "2019"
}

@article{Alishahiha:2020qza,
    author = "Alishahiha, Mohsen and Faraji Astaneh, Amin and Naseh, Ali",
    title = "{Island in the Presence of Higher Derivative Terms}",
    eprint = "2005.08715",
    archivePrefix = "arXiv",
    primaryClass = "hep-th",
    month = "5",
    year = "2020"
}

@article{Krishnan:2020oun,
    author = "Krishnan, Chethan and Patil, Vaishnavi and Pereira, Jude",
    title = "{Page Curve and the Information Paradox in Flat Space}",
    eprint = "2005.02993",
    archivePrefix = "arXiv",
    primaryClass = "hep-th",
    month = "5",
    year = "2020"
}

@article{Emparan:1999wa,
    author = "Emparan, Roberto and Horowitz, Gary T. and Myers, Robert C.",
    title = "{Exact description of black holes on branes}",
    eprint = "hep-th/9911043",
    archivePrefix = "arXiv",
    doi = "10.1088/1126-6708/2000/01/007",
    journal = "JHEP",
    volume = "01",
    pages = "007",
    year = "2000"
}

@article{Emparan:1999fd,
    author = "Emparan, Roberto and Horowitz, Gary T. and Myers, Robert C.",
    title = "{Exact description of black holes on branes. 2. Comparison with BTZ black holes and black strings}",
    eprint = "hep-th/9912135",
    archivePrefix = "arXiv",
    doi = "10.1088/1126-6708/2000/01/021",
    journal = "JHEP",
    volume = "01",
    pages = "021",
    year = "2000"
}

@article{Maldacena:2019cbz,
    author = "Maldacena, Juan and Turiaci, Gustavo J. and Yang, Zhenbin",
    title = "{Two dimensional Nearly de Sitter gravity}",
    eprint = "1904.01911",
    archivePrefix = "arXiv",
    primaryClass = "hep-th",
    month = "4",
    year = "2019"
}

@online{dSone,
    author         = "Maldacena, Juan",
    title          = "{Entropies of subregions in two-dimensional cosmological models}",
    date = {2020},
    howpublished      = "{Black Hole Microstructure Conference, June 8-12, 2020}",
    url = {https://youtu.be/wzVMDrfaRXA?t=5406},
}

@article{dStwo,
      author         = "Cheng, Yiming and Gorbenko, Victor and Maldacena, Juan",
 	journal = "in preparation",
    title = "",
}


@online{WittenRS,
    author         = "Witten, Edward",
    title          = "{comments at ITP conference}",
    howpublished      = "{New dimensions in field theory and string theory, 1999}",
    url = {http://www.itp.ucsb.edu/online/susyc99/discussion/},
}



@article{Ooguri:2020sua,
    author = "Ooguri, Hirosi and Takayanagi, Tadashi",
    title = "{Cobordism Conjecture in AdS}",
    eprint = "2006.13953",
    archivePrefix = "arXiv",
    primaryClass = "hep-th",
    month = "6",
    year = "2020"
}

@article{Harlow:2011ke,
    author = "Harlow, Daniel and Stanford, Douglas",
    title = "{Operator Dictionaries and Wave Functions in AdS/CFT and dS/CFT}",
    eprint = "1104.2621",
    archivePrefix = "arXiv",
    primaryClass = "hep-th",
    reportNumber = "SU-ITP-11-22",
    month = "4",
    year = "2011"
}
