@Book{GS,
	author = 	{Branko Gr\"unbaum and G.C. Shephard},
	title = 	{Tilings and Patterns},
	publisher = {Dover},
	edition =   {Second},
	year = 		{2016}
}

@article{Kaplan,
	author		= {Craig S. Kaplan},
	title 		= {Heesch numbers of unmarked polyforms},
    journal 	= {Contributions to Discrete Mathematics},
    pages 		= {150--171},
    year 		= {2022},
    volume		= {17},
    number 		= {2},
    publisher	= {University of Calgary Press},
    url = {https://cdm.ucalgary.ca/article/view/72886}
}


@article{Mann2004,
	author = {Casey Mann},
	title = {Heesch's Tiling Problem},
	journal = {The American Mathematical Monthly},
	volume = {111},
	number = {6},
	pages = {509--517},
	year  = {2004},
	publisher = {Taylor & Francis},
	doi = {10.1080/00029890.2004.11920105}
}

@article{MT2016,
	author = {Casey Mann and B. Charles Thomas},
	title = {Heesch Numbers of Edge-Marked Polyforms},
	journal = {Experimental Mathematics},
	volume = {25},
	number = {3},
	pages = {281--294},
	year  = {2016},
	publisher = {Taylor & Francis},
	doi = {10.1080/10586458.2015.1096867}
}

@article {Basic2021,
    AUTHOR = {Ba{\v{s}}i{\'c}, Bojan},
     TITLE = {A figure with {H}eesch number 6: pushing a two-decade-old
              boundary},
   JOURNAL = {Math. Intelligencer},
  FJOURNAL = {The Mathematical Intelligencer},
    VOLUME = {43},
      YEAR = {2021},
    NUMBER = {3},
     PAGES = {50--53},
      ISSN = {0343-6993},
   MRCLASS = {52C20},
  MRNUMBER = {4304935},
MRREVIEWER = {Anton Vladimirovich Shutov},
       DOI = {10.1007/s00283-020-10034-w}
}

@article{ChaimTC,
	title = {A Small Aperiodic Set of Planar Tiles},
	author = {Chaim Goodman-Strauss},
	journal = {European Journal of Combinatorics},
	volume = {20},
	number = {5},
	year = {1999},
	month = {July},
	pages = {375--384},
	publisher = {Elsevier},
	doi = {10.1006/eujc.1998.0281}
}

@book{Berger,
	title={The undecidability of the domino problem},
	author={Berger, Robert},
	number={66},
	year={1966},
	publisher={American Mathematical Soc.},
	series = {Memoirs of the American Mathematical Society},
	doi = {10.1090/memo/0066}
}

@misc{Myers,
	title = {Polyomino, polyhex and polyiamond tiling},
	author = {Joseph Myers},
	year = {2000--2019},
	url = {https://www.polyomino.org.uk/mathematics/polyform-tiling/},
	note = {Accessed: February 19th, 2023}
}

@article {Hilbert,
    AUTHOR = {Hilbert, David},
     TITLE = {Mathematical problems},
   JOURNAL = {Bull. Amer. Math. Soc.},
  FJOURNAL = {Bulletin of the American Mathematical Society},
    VOLUME = {8},
      YEAR = {1902},
    NUMBER = {10},
     PAGES = {437--479},
      ISSN = {0002-9904},
   MRCLASS = {DML},
  MRNUMBER = {1557926},
       DOI = {10.1090/S0002-9904-1902-00923-3},
}

@Article{Reinhardt,
 Author = {Reinhardt, Karl},
 Title = {Zur {Zerlegung} der euklidischen {R{\"a}ume} in kongruente {Polytope}},
 FJournal = {Sitzungsberichte der Preu{{\ss}}ischen Akademie der Wissenschaften, Physikalisch-Mathematische Klasse},
 Journal = {Sitzungsber. Preu{{\ss}}. Akad. Wiss., Phys.-Math. Kl.},
 Pages = {150--155},
 Year = {1928},
 Language = {German},
 zbMATH = {2577960},
 JFM = {54.0648.01}
}

@Article{Heesch,
 Author = {Heesch, H.},
 Title = {Aufbau der {Ebene} aus kongruenten {Bereichen}},
 FJournal = {Nachrichten von der Gesellschaft der Wissenschaften zu G{\"o}ttingen. Mathematisch-Physikalische Klasse. Fachgruppe 1, Mathematik. Neue Folge},
 Journal = {Nachr. Ges. Wiss. G{\"o}ttingen, Math.-Phys. Kl. I, N. F.},
 Volume = {1},
 Pages = {115--117},
 Year = {1935},
 Language = {German},
 zbMATH = {3018252},
 Zbl = {0012.08303}
}

@ARTICLE{Wang,
  author={Wang, Hao},
  journal={The Bell System Technical Journal}, 
  title={Proving theorems by pattern recognition -- {II}},
  year={1961},
  volume={40},
  number={1},
  pages={1--41},
  doi={10.1002/j.1538-7305.1961.tb03975.x}
}

@article{Penrose,
  author={Penrose, Roger},
  journal={Eureka},
  title={Pentaplexity},
  year={1978},
  volume={39},
  pages={16--22},
  url={https://www.archim.org.uk/eureka/archive/Eureka-39.pdf\#page=19}
}

@book{Senechal,
    author={Senechal, Marjorie},
	title={Quasicrystals and geometry},
	year={1996},
	publisher={Cambridge University Press}
}

@article {Gummelt,
    AUTHOR = {Gummelt, Petra},
     TITLE = {Penrose tilings as coverings of congruent decagons},
   JOURNAL = {Geom. Dedicata},
  FJOURNAL = {Geometriae Dedicata},
    VOLUME = {62},
      YEAR = {1996},
    NUMBER = {1},
     PAGES = {1--17},
      ISSN = {0046-5755},
   MRCLASS = {52C20},
  MRNUMBER = {1400977},
MRREVIEWER = {Marjorie Senechal},
       DOI = {10.1007/BF00239998},
}

@article{SteinhardtJeong,
  author={Steinhardt, Paul J. and Jeong, Hyeong-Chai},
  title={A simpler approach to {P}enrose tiling with implications for quasicrystal formation},
  journal={Nature},
  year={1996},
  volume={382},
  pages={431--433},
  doi={10.1038/382431a0},
}

@article{JeongSteinhardt,
  title = {Constructing {P}enrose-like tilings from a single prototile and the implications for quasicrystals},
  author = {Jeong, Hyeong-Chai and Steinhardt, Paul J.},
  journal = {Phys. Rev. B},
  volume = {55},
  issue = {6},
  pages = {3520--3532},
  numpages = {0},
  year = {1997},
  month = {Feb},
  publisher = {American Physical Society},
  doi = {10.1103/PhysRevB.55.3520}
}

@article {Socolar,
    AUTHOR = {Socolar, Joshua E. S.},
     TITLE = {The hexagonal parquet tiling: {$k$}-isohedral monotiles with
              arbitrarily large {$k$}},
   JOURNAL = {Math. Intelligencer},
  FJOURNAL = {The Mathematical Intelligencer},
    VOLUME = {29},
      YEAR = {2007},
    NUMBER = {2},
     PAGES = {33--38},
      ISSN = {0343-6993},
   MRCLASS = {52C20 (05B45)},
  MRNUMBER = {2337225},
       DOI = {10.1007/BF02986203},
  eprint = {0708.2663}
}

@article {ST1,
    AUTHOR = {Socolar, Joshua E. S. and Taylor, Joan M.},
     TITLE = {An aperiodic hexagonal tile},
   JOURNAL = {J. Combin. Theory Ser. A},
  FJOURNAL = {Journal of Combinatorial Theory. Series A},
    VOLUME = {118},
      YEAR = {2011},
    NUMBER = {8},
     PAGES = {2207--2231},
      ISSN = {0097-3165},
   MRCLASS = {05B45 (52C20 52C23)},
  MRNUMBER = {2834173},
       DOI = {10.1016/j.jcta.2011.05.001},
}

@article {ST2,
    AUTHOR = {Socolar, Joshua E. S. and Taylor, Joan M.},
     TITLE = {Forcing nonperiodicity with a single tile},
   JOURNAL = {Math. Intelligencer},
  FJOURNAL = {The Mathematical Intelligencer},
    VOLUME = {34},
      YEAR = {2012},
    NUMBER = {1},
     PAGES = {18--28},
      ISSN = {0343-6993},
   MRCLASS = {52C23},
  MRNUMBER = {2902144},
MRREVIEWER = {Samuel Petite},
       DOI = {10.1007/s00283-011-9255-y},
}

@unpublished{GT1,
  author = {Greenfeld, Rachel and Tao, Terence},
  keywords = {Combinatorics (math.CO), Logic (math.LO), FOS: Mathematics, FOS: Mathematics, 52C23, 03B25},
  title = {Undecidable translational tilings with only two tiles, or one nonabelian tile},
  publisher = {arXiv},
  year = {2021},
  journal = {arXiv e-prints},
  archivePrefix = {arXiv},
  eprint = {2108.07902},
  copyright = {Creative Commons Attribution 4.0 International}
}

@unpublished{GT2,
  author = {Greenfeld, Rachel and Tao, Terence},
  keywords = {Combinatorics (math.CO), Dynamical Systems (math.DS), FOS: Mathematics, FOS: Mathematics, 52C22, 52C23},
  title = {A counterexample to the periodic tiling conjecture},
  publisher = {arXiv},
  year = {2022},
  journal = {arXiv e-prints},
  archivePrefix = {arXiv},
  eprint = {2211.15847},
  copyright = {arXiv.org perpetual, non-exclusive license}
}

@unpublished{Rao,
  author = {Rao, Michael},
  keywords = {Combinatorics (math.CO), Metric Geometry (math.MG), FOS: Mathematics, FOS: Mathematics},
  title = {Exhaustive search of convex pentagons which tile the plane},
  publisher = {arXiv},
  year = {2017},
  journal = {arXiv e-prints},
  archivePrefix = {arXiv},
  eprint = {1708.00274},
  copyright = {arXiv.org perpetual, non-exclusive license}
}

@article {JeandelRao,
    AUTHOR = {Jeandel, Emmanuel and Rao, Micha\"{e}l},
     TITLE = {An aperiodic set of 11 {W}ang tiles},
   JOURNAL = {Adv. Comb.},
  FJOURNAL = {Advances in Combinatorics},
      YEAR = {2021},
    NUMBER = {1},
     PAGES = {1--37},
   MRCLASS = {05B45},
  MRNUMBER = {4210631},
MRREVIEWER = {Alexey Garber},
       DOI = {10.19086/aic.18614},
}

@article{Gurevich,
  author = {Yu. Sh. Gurevich and I. O. Koryakov},
  title = {Remarks on {B}erger's paper on the domino problem},
  journal = {Sib. Math. J.},
  volume = {13},
  number = {2},
  year = {1972},
  pages = {319--321},
  doi = {10.1007/BF00971620}
}

@article {BlockWeinberger,
    AUTHOR = {Block, Jonathan and Weinberger, Shmuel},
     TITLE = {Aperiodic tilings, positive scalar curvature and amenability
              of spaces},
   JOURNAL = {J. Amer. Math. Soc.},
  FJOURNAL = {Journal of the American Mathematical Society},
    VOLUME = {5},
      YEAR = {1992},
    NUMBER = {4},
     PAGES = {907--918},
      ISSN = {0894-0347},
   MRCLASS = {53C23 (52C07 53C21)},
  MRNUMBER = {1145337},
MRREVIEWER = {Christophe Bavard},
       DOI = {10.2307/2152713}
}

@article {regprod,
    AUTHOR = {Goodman-Strauss, Chaim},
     TITLE = {Regular production systems and triangle tilings},
   JOURNAL = {Theoret. Comput. Sci.},
  FJOURNAL = {Theoretical Computer Science},
    VOLUME = {410},
      YEAR = {2009},
    NUMBER = {16},
     PAGES = {1534--1549},
      ISSN = {0304-3975},
   MRCLASS = {68Q42 (03B25 05B45 05B50 52C20)},
  MRNUMBER = {2502126},
MRREVIEWER = {Edmund O. Harriss},
       DOI = {10.1016/j.tcs.2008.12.012}
}

@article {MargulisMozes,
    AUTHOR = {Margulis, G. A. and Mozes, S.},
     TITLE = {Aperiodic tilings of the hyperbolic plane by convex polygons},
   JOURNAL = {Israel J. Math.},
  FJOURNAL = {Israel Journal of Mathematics},
    VOLUME = {107},
      YEAR = {1998},
     PAGES = {319--325},
      ISSN = {0021-2172},
   MRCLASS = {52C20},
  MRNUMBER = {1658579},
MRREVIEWER = {G. D. Chakerian},
       DOI = {10.1007/BF02764015}
}

@article {Mozes97,
    AUTHOR = {Mozes, Shahar},
     TITLE = {Aperiodic tilings},
   JOURNAL = {Invent. Math.},
  FJOURNAL = {Inventiones Mathematicae},
    VOLUME = {128},
      YEAR = {1997},
    NUMBER = {3},
     PAGES = {603--611},
      ISSN = {0020-9910},
   MRCLASS = {52C22 (22E40)},
  MRNUMBER = {1452434},
MRREVIEWER = {Dave Witte Morris},
       DOI = {10.1007/s002220050153}
}

@article {Kenyon,
    AUTHOR = {Kenyon, Richard},
     TITLE = {Rigidity of planar tilings},
   JOURNAL = {Invent. Math.},
  FJOURNAL = {Inventiones Mathematicae},
    VOLUME = {107},
      YEAR = {1992},
    NUMBER = {3},
     PAGES = {637--651},
      ISSN = {0020-9910},
   MRCLASS = {52C25 (52C20 52C22 57M50)},
  MRNUMBER = {1150605},
MRREVIEWER = {Darryl McCullough},
       DOI = {10.1007/BF01231905}
}

@article {Kenyonerratum,
    AUTHOR = {Kenyon, Richard},
     TITLE = {Erratum: ``{R}igidity of planar tilings''},
   JOURNAL = {Invent. Math.},
  FJOURNAL = {Inventiones Mathematicae},
    VOLUME = {112},
      YEAR = {1993},
    NUMBER = {1},
     PAGES = {223},
      ISSN = {0020-9910},
   MRCLASS = {52C25 (52C20 52C22 57M50)},
  MRNUMBER = {1207484},
       DOI = {10.1007/BF01232432}
}

@article {Kenyon2,
    AUTHOR = {Kenyon, Richard},
     TITLE = {A group of paths in {$\mathbb{R}^2$}},
   JOURNAL = {Trans. Amer. Math. Soc.},
  FJOURNAL = {Transactions of the American Mathematical Society},
    VOLUME = {348},
      YEAR = {1996},
    NUMBER = {8},
     PAGES = {3155--3172},
      ISSN = {0002-9947},
   MRCLASS = {20F34 (20E08 58F03)},
  MRNUMBER = {1340179},
MRREVIEWER = {Lee Mosher},
       DOI = {10.1090/S0002-9947-96-01562-0}
}

@incollection {GiraultBeauquierNivat,
    AUTHOR = {Girault-Beauquier, D. and Nivat, M.},
     TITLE = {Tiling the plane with one tile},
 BOOKTITLE = {Topology and category theory in computer science ({O}xford,
              1989)},
    SERIES = {Oxford Sci. Publ.},
     PAGES = {291--333},
 PUBLISHER = {Oxford Univ. Press, New York},
      YEAR = {1991},
   MRCLASS = {05B45},
  MRNUMBER = {1145780},
}

@article {Bhattacharya,
    AUTHOR = {Bhattacharya, Siddhartha},
     TITLE = {Periodicity and decidability of tilings of {$\mathbb{Z}^2$}},
   JOURNAL = {Amer. J. Math.},
  FJOURNAL = {American Journal of Mathematics},
    VOLUME = {142},
      YEAR = {2020},
    NUMBER = {1},
     PAGES = {255--266},
      ISSN = {0002-9327},
   MRCLASS = {37B52 (52C20)},
  MRNUMBER = {4060876},
MRREVIEWER = {Andrei Romashchenko},
       DOI = {10.1353/ajm.2020.0006}
}

@incollection {Ollinger,
    AUTHOR = {Ollinger, Nicolas},
     TITLE = {Tiling the plane with a fixed number of polyominoes},
 BOOKTITLE = {Language and automata theory and applications},
    SERIES = {Lecture Notes in Comput. Sci.},
    VOLUME = {5457},
     PAGES = {638--647},
 PUBLISHER = {Springer, Berlin},
      YEAR = {2009},
   MRCLASS = {Expansion},
  MRNUMBER = {2544452},
       DOI = {10.1007/978-3-642-00982-2_54}
}

@article{deBruijn1,
  title={Algebraic theory of {P}enrose’s non-periodic tilings of the plane. {I}},
  author={De Bruijn, Nicolaas Govert},
  journal={Kon. Nederl. Akad. Wetensch. Proc. Ser. A},
  volume={43},
  number={84},
  pages={39--52},
  year={1981},
  doi={10.1016/1385-7258(81)90016-0}
}

@article{deBruijn2,
  title={Algebraic theory of {P}enrose’s non-periodic tilings of the plane. {II}},
  author={De Bruijn, Nicolaas Govert},
  journal={Kon. Nederl. Akad. Wetensch. Proc. Ser. A},
  volume={43},
  number={84},
  pages={53--66},
  year={1981},
  doi={10.1016/1385-7258(81)90017-2}
}

@article {BaakeMLD,
    AUTHOR = {Baake, M. and Schlottmann, M. and Jarvis, P. D.},
     TITLE = {Quasiperiodic tilings with tenfold symmetry and equivalence
              with respect to local derivability},
   JOURNAL = {J. Phys. A},
  FJOURNAL = {Journal of Physics. A. Mathematical and General},
    VOLUME = {24},
      YEAR = {1991},
    NUMBER = {19},
     PAGES = {4637--4654},
      ISSN = {0305-4470},
   MRCLASS = {52C22 (82D25)},
  MRNUMBER = {1132337},
MRREVIEWER = {P. McMullen},
       DOI = {10.1088/0305-4470/24/19/025}
}

@unpublished{Senechalpersonalcommunication,
  author={Senechal, Marjorie},
  title = {Personal communication}
}

@incollection {penrose_epsilon,
    AUTHOR = {Penrose, Roger},
     TITLE = {Remarks on tiling: details of a
              {$(1+\epsilon+\epsilon^2)$}-aperiodic set},
 BOOKTITLE = {The mathematics of long-range aperiodic order ({W}aterloo,
              {ON}, 1995)},
    SERIES = {NATO Adv. Sci. Inst. Ser. C: Math. Phys. Sci.},
    VOLUME = {489},
     PAGES = {467--497},
 PUBLISHER = {Kluwer Acad. Publ., Dordrecht},
      YEAR = {1997},
   MRCLASS = {52C20},
  MRNUMBER = {1460034},
MRREVIEWER = {Richard Kenyon},
}

@article{Boroczsky,
  author={B{\"o}r{\"o}czky, K{\'a}roly},
  journal={Mat. Lapok},
  title={G{\"o}mbkit{\"o}lt{\'e}sek {\'a}lland{\'o} g{\"o}rb{\"u}let{\H{u}} terekben {I}},
  year={1974},
  volume={25},
  number={3--4},
  pages={265--306},
  language={Hungarian},
  url={http://real-j.mtak.hu/9373/1/MTA_MatematikaiLapok_1974.pdf\#page=273}
}
