@article{abramsky2009categorical,
  title     = {Categorical quantum mechanics},
  author    = {Abramsky, Samson and Coecke, Bob},
  journal   = {Handbook of quantum logic and quantum structures},
  volume    = {2},
  pages     = {261--325},
  year      = {2009},
  publisher = {Elsevier Amsterdam, The Netherlands}
}


@inproceedings{baez2021categories,
  title        = {Categories of nets},
  author       = {Baez, John C and Genovese, Fabrizio and Master, Jade and Shulman, Michael},
  booktitle    = {2021 36th Annual ACM/IEEE Symposium on Logic in Computer Science (LICS)},
  pages        = {1--13},
  year         = {2021},
  organization = {IEEE}
}

@article{coecke2020meaning,
  title         = {Meaning updating of density matrices},
  author        = {Coecke, Bob and Meichanetzidis, Konstantinos},
  journal       = {arXiv preprint arXiv:2001.00862},
  url           = {http://arxiv.org/abs/2001.00862},
  archiveprefix = {arXiv},
  eprint        = {2001.00862},
  eprinttype    = {arxiv},
  year          = {2020}
}

@article{Fong2015,
title = {Decorated {{Cospans}}},
author = {Fong, Brendan},
date = {2015},
journaltitle = {Theory and Applications of Categories},
volume = {30},
pages = {1096--1120},
  journal		 = {arXiv preprint arXiv:1502.00872},
archivePrefix = {arXiv},
eprint = {1502.00872},
eprinttype = {arxiv},
keywords = {Mathematics - Category Theory},
langid = {english},
number = {33}
}

@article{coecke2021compositionality,
  title         = {Compositionality as we see it, everywhere around us},
  author        = {Coecke, Bob},
  journal		 = {arXiv preprint arXiv:2110.05327},
  archiveprefix = {arXiv},
  eprint        = {2110.05327},
  eprinttype    = {arxiv},
  year          = {2021}
}

@article{joyal2008theory,
  title={The theory of quasi-categories and its applications},
  author={Joyal, Andr{\'e}},
  journal={Quaderns},
  volume={45},
  number={2},
  pages={151--496},
  year={2008}
}

@book{cooper2013quantification,
  title     = {Quantification and syntactic theory},
  author    = {Cooper, Robin},
  volume    = {21},
  year      = {2013},
  publisher = {Springer Science \& Business Media}
}

@book{Fong_Spivak_2019,
  address    = {Cambridge; New York, NY},
  title      = {An invitation to applied category theory: seven sketches in compositionality},
  isbn       = {9781108482295},
  callnumber = {QA9.25 .F66 2019},
  publisher  = {Cambridge University Press},
  author     = {Fong, Brendan and Spivak, David I.},
  year       = {2019}
}

@inproceedings{ghani2018compositional,
  title     = {Compositional game theory},
  author    = {Ghani, Neil and Hedges, Jules and Winschel, Viktor and Zahn, Philipp},
  booktitle = {Proceedings of the 33rd annual ACM/IEEE symposium on logic in computer science},
  pages     = {472--481},
  year      = {2018}
}

@article{meyer2020modelling,
  title   = {Modelling lexical ambiguity with density matrices},
  author  = {Meyer, Francois and Lewis, Martha},
  journal = {arXiv preprint arXiv:2010.05670},
  year    = {2020}
}

@misc{montague1974universal,
  title     = {Universal grammar. Theoria, 36. Reprinted in RH Thomason (ed.), Formal philosophy (pp. 222--246)},
  author    = {Montague, Richard},
  year      = {1974},
  publisher = {New Haven: Yale University Press}
}

@article{piedeleu2015open,
  title   = {Open system categorical quantum semantics in natural language processing},
  author  = {Piedeleu, Robin and Kartsaklis, Dimitri and Coecke, Bob and Sadrzadeh, Mehrnoosh},
  journal = {arXiv preprint arXiv:1502.00831},
  year    = {2015}
}

@book{Werning_Hinzen_Machery_2012,
  address    = {Oxford; New York, NY},
  series     = {Oxford Handbooks in Linguistics},
  title      = {The Oxford Handbook of Compositionality},
  isbn       = {9780199541072},
  callnumber = {P325.5.C626 O95 2012},
  publisher  = {Oxford University Press},
  year       = {2012},
  collection = {Oxford Handbooks in Linguistics}
}

@misc{westerstahl2007compositionality,
  title  = {Compositionality and ambiguity},
  author = {Westerstahl, Dag},
  year   = {2007}
}

@article{Schrodinger_1935, 
    title={Discussion of Probability Relations between Separated Systems},
    volume={31},
    number={4},
    journal={Mathematical Proceedings of the Cambridge Philosophical Society},
    author={Schr\"odinger, Erwin},
    year={1935}, 
    pages={555â€“563}
}


@article{coecke2021mathematics,
  title={The mathematics of text structure},
  author={Coecke, Bob},
  journal={Joachim Lambek: The Interplay of Mathematics, Logic, and Linguistics},
  pages={181--217},
  year={2021},
  publisher={Springer}
}

@book{adamek1990abstract,
  title={Abstract and concrete categories},
  author={Ad{\'a}mek, Ji{\v{r}}{\'\i} and Herrlich, Horst and Strecker, George},
  year={1990},
  publisher={Wiley-Interscience}
}

@book{adamek1994locally,
  title={Locally presentable and accessible categories},
  author={Ad{\'a}mek, Ji{\v{r}}{\'\i} and Rosicky, Ji{\v{r}}{\'\i}},
  volume={189},
  year={1994},
  publisher={Cambridge University Press}
}

@book{grandis2009directed,
  title={Directed algebraic topology: models of non-reversible worlds},
  author={Grandis, Marco},
  volume={13},
  year={2009},
  publisher={Cambridge University Press}
}

@book{fajstrup2016directed,
  title={Directed algebraic topology and concurrency},
  author={Fajstrup, Lisbeth and Goubault, Eric and Haucourt, Emmanuel and Mimram, Samuel and Raussen, Martin},
  volume={138},
  year={2016},
  publisher={Springer}
}

@misc{Genovese2018mod, 
title = {Modularity vs compositionality: a history of misunderstandings},
author = {Fabrizio Romano Genovese},
year = {2018},
note = "Online article, \url{https://blog.statebox.org/modularity-vs-compositionality-a-history-of-misunderstandings-be0150033568}. Accessed 17 July 2023."
}

@article{lorenz2023causal,
  title={Causal models in string diagrams},
  author={Lorenz, Robin and Tull, Sean},
  journal={arXiv preprint arXiv:2304.07638},
  year={2023}
}
