@article{earman,
  title={Relativistic causality in algebraic quantum field theory},
  author={Earman, John and Valente, Giovanni},
  journal={International Studies in the Philosophy of Science},
  volume={28},
  number={1},
  pages={1--48},
  year={2014},
DOI = {https://doi.org/10.1080/02698595.2014.915652},
  publisher={Taylor \& Francis}
}

@article{groisman2002measurements,
  title={Measurements of semilocal and nonmaximally entangled states},
  author={Groisman, Berry and Reznik, Benni},
  journal={Physical Review A},
  volume={66},
  number={2},
  pages={022110},
  year={2002},
DOI = {https://doi.org/10.1103/PhysRevA.66.022110},
  publisher={APS}
}

@article{papageorgiou2023eliminating,
  title={Eliminating the" impossible": Recent progress on local measurement theory for quantum field theory},
  author={Papageorgiou, Maria and Fraser, Doreen},
 year = {2023},
  archiveprefix = {arXiv},
    primaryclass  = {quant-ph},
    eprint = {2307.08524}
}



@article{fraser2023note,
  title={Note on episodes in the history of modeling measurements in local spacetime regions using {QFT}},
  author={Fraser, Doreen and Papageorgiou, Maria},
  journal={The European Physical Journal H},
  volume={48},
  number={1},
  pages={14},
  year={2023},
DOI = {https://doi.org/10.1140/epjh/s13129-023-00064-1},
  publisher={Springer}
}

@article{popescu1994causality,
  title={Causality constraints on nonlocal quantum measurements},
  author={Popescu, Sandu and Vaidman, Lev},
  journal={Physical Review A},
  volume={49},
  number={6},
  pages={4331},
  year={1994},
DOI = {https://doi.org/10.1103/PhysRevA.49.4331},
  publisher={APS}
}

@article{clark2010entanglement,
  title={Entanglement consumption of instantaneous nonlocal quantum measurements},
  author={Clark, SR and Connor, AJ and Jaksch, D and Popescu, S},
  journal={New Journal of Physics},
  volume={12},
  number={8},
  pages={083034},
  year={2010},
DOI = {10.1088/1367-2630/12/8/083034},
  publisher={IOP Publishing}
}

@article{de2020protocols,
  title={Protocols for creating and distilling multipartite {GHZ} states with {B}ell pairs},
  author={de Bone, S{\'e}bastian and Ouyang, Runsheng and Goodenough, Kenneth and Elkouss, David},
  journal={IEEE Transactions on Quantum Engineering},
  volume={1},
  pages={1--10},
  year={2020},
DOI = {10.1109/TQE.2020.3044179},
  publisher={IEEE}
}

@article{fewster2020quantum,
  title={Quantum fields and local measurements},
  author={Fewster, Christopher J and Verch, Rainer},
  journal={Communications in Mathematical physics},
  volume={378},
  pages={851--889},
  year={2020},
DOI = { https://doi.org/10.1007/s00220-020-03800-6},
  publisher={Springer}
}

@article{groisman2015optimal,
  title={Optimal amount of entanglement to distinguish quantum states instantaneously},
  author={Groisman, Berry and Strelchuk, Sergii},
  journal={Physical Review A},
  volume={92},
  number={5},
  pages={052337},
  year={2015},
DOI = {https://doi.org/10.1103/PhysRevA.92.052337},
  publisher={APS}
}

@article{vaidman2003instantaneous,
  title={Instantaneous measurement of nonlocal variables},
  author={Vaidman, Lev},
  journal={Physical Review Letters},
  volume={90},
  number={1},
  pages={010402},
  year={2003},
DOI = {https://doi.org/10.1103/PhysRevLett.90.010402},
  publisher={APS}
}

@article{beigi2011simplified,
  title={Simplified instantaneous non-local quantum computation with applications to position-based cryptography},
  author={Beigi, Salman and K{\"o}nig, Robert},
  journal={New Journal of Physics},
  volume={13},
  number={9},
  pages={093036},
  year={2011},
DOI = {10.1088/1367-2630/13/9/093036},
  publisher={IOP Publishing}
}

@article{borsten2021impossible,
  title={Impossible measurements revisited},
  author={Borsten, Leron and Jubb, Ian and Kells, Graham},
  journal={Physical Review D},
  volume={104},
  number={2},
  pages={025012},
  year={2021},
DOI = {https://doi.org/10.1103/PhysRevD.104.025012},
  publisher={APS}
}

@article{jubb2022causal,
  title={Causal state updates in real scalar quantum field theory},
  author={Jubb, I},
  journal={Physical Review D},
  volume={105},
  number={2},
  pages={025003},
  year={2022},
DOI = {https://doi.org/10.1103/PhysRevD.105.025003},
  publisher={APS}
}

@article{albertini2023ideal,
  title={Are Ideal Measurements of Real Scalar Fields Causal?},
  author={Albertini, Emma and Jubb, Ian},
  journal={arXiv preprint arXiv:2306.12980},
nolink = {},
  year={2023}
}

@article{bostelmann2021impossible,
  title={Impossible measurements require impossible apparatus},
  author={Bostelmann, Henning and Fewster, Christopher J and Ruep, Maximilian H},
  journal={Physical Review D},
  volume={103},
  number={2},
  pages={025017},
  year={2021},
DOI = {https://doi.org/10.1103/PhysRevD.103.025017},
  publisher={APS}
}

@article{fewster2023measurement,
  title={Measurement in Quantum Field Theory},
  author={Fewster, Christopher J and Verch, Rainer},
 year = {2023},
  archiveprefix = {arXiv},
    primaryclass  = {math-ph},
    eprint = {2304.13356}
}



@article{van2021relativistic,
  title={Relativistic limits on quantum operations},
  author={van der Lugt, Tein},
 year = {2021},
  archiveprefix = {arXiv},
    primaryclass  = {quant-ph},
    eprint = {2108.05904}
}

@inproceedings{sorkin1993impossible,
  title={Impossible measurements on quantum fields},
  author={Sorkin, Rafael D},
  booktitle={Directions in general relativity: Proceedings of the 1993 International Symposium, Maryland},
  volume={2},
  pages={293--305},
nolink = {},
  year={1993}
}

@article{aharonov1980states,
  title={States and observables in relativistic quantum field theories},
  author={Aharonov, Yakir and Albert, David Z},
  journal={Physical Review D},
  volume={21},
  number={12},
  pages={3316},
  year={1980},
DOI = {https://doi.org/10.1103/PhysRevD.21.3316},
  publisher={APS}
}

@article{aharonov1981can,
  title={Can we make sense out of the measurement process in relativistic quantum mechanics?},
  author={Aharonov, Yakir and Albert, David Z},
  journal={Physical Review D},
  volume={24},
  number={2},
  pages={359},
  year={1981},
DOI = {https://doi.org/10.1103/PhysRevD.24.359},
  publisher={APS}
}

@article{landau1931erweiterung,
  title={{E}rweiterung des {U}nbestimmtheitsprinzips f{\"u}r die relativistische {Q}uantentheorie},
  author={Landau, Lev and Peierls, Rudolf},
  journal={Zeitschrift f{\"u}r Physik},
  volume={69},
  number={1-2},
  pages={56--69},
  year={1931},
nolink={},
publisher={Springer}

}

@article{del2023iso,
  title={Iso-entangled bases and joint measurements},
  author={Del Santo, Flavio and Czartowski, Jakub and {\.Z}yczkowski, Karol and Gisin, Nicolas},
  journal={arXiv preprint arXiv:2307.06998},
 year = {2023},
  archiveprefix = {arXiv},
    primaryclass  = {quant-ph},
    eprint = {2307.06998}
}

@article{cavalcanti2023fresh,
  title={Fresh perspectives on the foundations of quantum physics},
  author={Cavalcanti, Eric G and Chaves, Rafael and Giacomini, Flaminia and Liang, Yeong-Cherng},
  journal={Nature Reviews Physics},
   year={2023},
pages={323â€“325},
volume={5},
DOI = {https://doi.org/10.1038/s42254-023-00586-z},
  publisher={Nature Publishing Group UK London}
}

@article{beckman2001causal,
  title={Causal and localizable quantum operations},
  author={Beckman, David and Gottesman, Daniel and Nielsen, Michael A and Preskill, John},
  journal={Physical Review A},
  volume={64},
  number={5},
  pages={052309},
  year={2001},
DOI = {https://doi.org/10.1103/PhysRevA.64.052309},
  publisher={APS}
}

@article{groisman2003instantaneous,
  title={Instantaneous measurements of nonlocal variables},
  author={Groisman, Berry and Reznik, Benni and Vaidman, Lev},
  journal={Journal of Modern Optics},
  volume={50},
  number={6-7},
  pages={943--949},
  year={2003},
DOI = {10.1080/09500340308234543},
  publisher={Taylor \& Francis}
}

@article{much2023superluminal,
  title={Superluminal local operations in quantum field theory: A ping-pong ball test},
  author={Much, Albert and Verch, Rainer},
 year = {2023},
  archiveprefix = {arXiv},
    primaryclass  = {quant-ph},
    eprint = {2308.16673}
}

@article{gisin1986property,
  title={The property lattice of spatially separated quantum systems},
  author={Gisin, N},
  journal={Reports on Mathematical Physics},
  volume={23},
  number={3},
  pages={363--371},
  year={1986},
DOI = {https://doi.org/10.1016/0034-4877(86)90031-5},
  publisher={Elsevier}
}

@article{jauch1969structure,
  title={On the structure of quantal proposition systems},
  author={Jauch, Joseph-Maria and Piron, Constantin},
  journal={Helvetica Physica Acta},
  volume={42},
  pages={842--848},
nolink = {},
  year={1969}
}

@article{piron1964axiomatique,
  title={Axiomatique quantique},
  author={Piron, Constantin},
  journal={Helvetica Physica Acta},
  volume={37},
  number={4-5},
  pages={439},
  year={1964},
nolink = {},
  publisher={BIRKHAUSER VERLAG AG VIADUKSTRASSE 40-44, PO BOX 133, CH-4010 BASEL, SWITZERLAND}
}

@article{eggeling2002semicausal,
  title={Semicausal operations are semilocalizable},
  author={Eggeling, Tilo and Schlingemann, Dirk and Werner, Reinhard F},
  journal={Europhysics Letters},
  volume={57},
  number={6},
  pages={782},
  year={2002},
DOI = {10.1209/epl/i2002-00579-4},
  publisher={IOP Publishing}
}

@article{tavakoli2021bilocal,
  title={Bilocal Bell inequalities violated by the quantum elegant joint measurement},
  author={Tavakoli, Armin and Gisin, Nicolas and Branciard, Cyril},
  journal={Physical review letters},
  volume={126},
  number={22},
  pages={220401},
  year={2021},
nolink = {},
  publisher={APS}
}

@article{gisin2019entanglement,
  title={Entanglement 25 years after quantum teleportation: Testing joint measurements in quantum networks},
  author={Gisin, Nicolas},
  journal={Entropy},
  volume={21},
  number={3},
  pages={325},
  year={2019},
DOI = {https://doi.org/10.3390/e21030325},
  publisher={MDPI}
}


@article{eftaxias2022joint,
  title={Joint measurements in boxworld and their role in information processing},
  author={Eftaxias, Giorgos and Weilenmann, Mirjam and Colbeck, Roger},
 year = {2022},
  archiveprefix = {arXiv},
    primaryclass  = {quant-ph},
    eprint = {2209.04474}
}

@article{chitambar2014everything,
  title={Everything you always wanted to know about {LOCC} (but were afraid to ask)},
  author={Chitambar, Eric and Leung, Debbie and Man{\v{c}}inska, Laura and Ozols, Maris and Winter, Andreas},
  journal={Communications in Mathematical Physics},
  volume={328},
  pages={303--326},
  year={2014},
DOI = {https://doi.org/10.1007/s00220-014-1953-9},
  publisher={Springer}
}

@article{hellwig1970formal,
  title={Formal description of measurements in local quantum field theory},
  author={Hellwig, K-E and Kraus, K},
  journal={Physical Review D},
  volume={1},
  number={2},
  pages={566},
  year={1970},
DOI = {https://doi.org/10.1103/PhysRevD.1.566},
  publisher={APS}
}

@article{groisman2001nonlocal,
  title={Nonlocal variables with product-state eigenstates},
  author={Groisman, Berry and Vaidman, Lev},
  journal={Journal of Physics A: Mathematical and General},
  volume={34},
  number={35},
  pages={6881},
  year={2001},
DOI = {10.1088/0305-4470/34/35/313},
  publisher={IOP Publishing}
}

@book{schilpp1949library,
  title={The Library of Living Philosophers, Volume 7. {A}lbert {E}instein: Philosopher-Scientist},
  author={Schilpp, Paul Arthur},
  year={1949},
nolink = {},
publisher={Tudor Publishing Company}
}

@article{guerreiro2012single,
  title={Single-photon space-like antibunching},
  author={Guerreiro, Thiago and Sanguinetti, Bruno and Zbinden, Hugo and Gisin, Nicolas and Suarez, Antoine},
  journal={Physics Letters A},
  volume={376},
  number={32},
  pages={2174--2177},
  year={2012},
DOI = {https://doi.org/10.1016/j.physleta.2012.05.019},
  publisher={Elsevier}
}

@article{aharonov1986measurement,
  title={Measurement process in relativistic quantum theory},
  author={Aharonov, Yakir and Albert, David Z and Vaidman, Lev},
  journal={Physical Review D},
  volume={34},
  number={6},
  pages={1805},
  year={1986},
DOI = {https://doi.org/10.1103/PhysRevD.34.1805},
  publisher={APS}
}


@article{fiorentino2023quantum,
  title={A Quantum Theory with Non-collapsing Measurements},
  author={Fiorentino, Vincenzo and Weigert, Stefan},
  journal={arXiv preprint arXiv:2303.13411},
nolink = {},
  year={2023}
}

@book{gisin2014quantum,
  title={Quantum chance: Nonlocality, teleportation and other quantum marvels},
  author={Gisin, Nicolas},
  year={2014},
DOI = {https://doi.org/10.1007/978-3-319-05473-5},
  publisher={Springer}
}

@article{gonzales2019bounds,
  title={Bounds on instantaneous nonlocal quantum computation},
  author={Gonzales, Alvin and Chitambar, Eric},
  journal={IEEE Transactions on Information Theory},
  volume={66},
  number={5},
  pages={2951--2963},
  year={2019},
nolink = {},
  publisher={IEEE}
}

@inproceedings{fewster2020generally,
  title={A generally covariant measurement scheme for quantum field theory in curved spacetimes},
  author={Fewster, Christopher J},
  booktitle={Progress and Visions in Quantum Theory in View of Gravity: Bridging foundations of physics and mathematics},
  pages={253--268},
  year={2020},
DOI = {https://doi.org/10.1007/978-3-030-38941-3_11},
  organization={Springer}
}
