@article{Everett,
  author = "H. Everett",
  title = "{R}elative {S}tate {F}ormulation of {Q}uantum {M}echanics",
  journal = "Rev. Mod. Phys.",
  volume = "29",
  year = "1957",
  pages = "454",
  }
@article{DeWitt,
  author = "B. DeWitt",
  title = "Quantum mechanics and reality",
  journal = "Physics Today",
  volume = " 23",
  year = "1970",
  pages = "30",
  }
@article{Zeh,
  author = "H. D. Zeh",
  title = "On the interpretation of measurement in quantum theory",
  journal = "Found. Phys.",
  volume = "1",
  year = "1970",
  pages = "69",
  }
@article{Zurek,
  author = "W. H. Zurek",
  title = "Pointer basis of quantum mechanics: {I}nto what mixture does the wave packet collapse?",
  journal = "Phys. Rev. D",
  volume = "24",
  year = "1981",
  pages = "1516",
  }
@article{Zurek1,
  author = "W. H. Zurek",
  title = "Environment-induced superselection rules",
  journal = "Phys. Rev. D",
  volume = "26",
  year = "1982",
  pages = "1862",
  }
@article{Zurek2,
  author = "W. H. Zurek",
  title = "Decoherence, einselection and the quantum origins of the classical",
  journal = "Rev. Mod. Phys.",
  volume = "75",
  year = "2003",
  pages = "715",
  }
@article{Wallace,
  author = "D. Wallace",
  title = "Everett and Structure",
  journal = "Studies in the History and Philosophy of Modern Physics",
  volume = "34",
  pages = "87",
  year = "2003",
  }
@article{Riedel,
  author = "C. Jess Riedel",
  title = "Classical {B}ranch {S}tructure from {S}patial {R}edundancy in a {M}any-{B}ody {W}ave {F}unction",
  journal = "Phys. Rev. Lett.",
  volume = "118",
  pages = "120402",
  year = "2017",
  }
@misc{Weingarten,
  author = "D. Weingarten",
  title = "Hidden {V}ariable {Q}uantum {M}echanics from {B}ranching from {Q}uantum {C}omplexity",
  howpublished = "arXiv:1802.10136v5[quant-ph]",
  year = "2018",
  }
@misc{Weingarten1,
  author = "D. Weingarten",
  title = "Hidden {V}ariable {T}heory of a {S}ingle {W}orld from {M}any-{W}orlds {Q}uantum {M}echanics",
  howpublished = "arXiv:1709.015777v4[quant-ph]",
  year = "2017",
  }
@misc{Nielsen,
  author = "M. A. Nielsen",
  title = "A geometric approach to quantum circuit lower bounds",
  howpublished = "arXiv:quant-ph/050207",
  year = "2005",
  }
@misc{Susskind,
  author = "A. R. Brown and L. Susskind",
  title = "The {S}econd {L}aw of {Q}uantum {C}omplexity",
  howpublished = "arXiv:1701.01107[hep-th]",
  year = "2018",
  }
@misc{Page,
  author = "D. N. Page",
  title = "Quantum {U}ncertainties in the {S}chmidt {B}asis {G}iven by {D}ecoherence",
  howpublished = "arXiv:1108.2709v2 [hep-th]",
  year = "2011",
  }
@article{Schlosshauer,
  author = "M. Schlosshauer",
  title = "Decoherence, the measurement problem, and interpretations of quantum mechanics",
  journal = "Rev. Mod. Phys.",
  volume = "76",
  pages = "1267",
  year = "2005",
  }
@article{Kent,
  author = "A. Kent",
  title = "Real {W}orld {I}nterpretations of {Q}uantum {T}heory",
  journal = "Found. Phys.",
  volume = "42",
  pages = "421",
  year = "2012",
  }
@article{Kent1,
  author="A. Kent",
  title = "A {S}olution to the {L}orentzian {Q}uantum {R}eality {P}roblem",
  journal = "Phys. Rev. A",
  volume = "90",
  pages = "0121027",
  year = "2014",
  }
@article{Kent2,
  author = "A. Kent",
  title = "Quantum {R}eality via {L}ate {T}ime {P}hotodetection",
  journal = "Phys. Rev. A",
  volume = "96",
  pages = "062121",
  year = "2017",
  }
@incollection{Wigner,
   author="Eugene P. Wigner",
   title="Remarks on the mind-body problem",
   booktitle="The Scientist Speculates",
   editor="I. J. Good",
   publisher="Heineman",
   year="1961",
   }
@book{Vonneumann,
   author="J. von Neumann",
   title="Mathematical Foundations of Quantum Mechanics",
   publisher="Princeton University",
   year="1955",
   }
@incollection{London,
   author="F. London and E. Bauer",
   title="La th\'{e}orie de l'observation en m\'{e}chanique quantique",
   booktitle="Quantum Theory, Measurement",
   editor="J. Wheeler and W. H. Zurek",
   publisher="Princeton University",
   year="1983",
   }
@article{Divincenzo,
   author="D. P. DiVincenzo",
   title = "Two-bit gates are universal for quantum computation",
   journal = "Phys. Rev. A",
   volume = "51",
   pages = "1015",
   year = "1995",
   }
