%%%%%%%%%%%%%%%%%%%%%%%%%%%%%%%%%%
%
%  LHCb conference notes
%
%%%%%%%%%%%%%%%%%%%%%%%%%%%%%%%%%%

@lhcbreport{LHCb-CONF-2018-006,
      number        = "{LHCb-CONF-2018-006}",
      collaboration = "{LHCb collaboration}",
      title         = "{Prospects for searches for long-lived particles after the LHCb detector upgrades}",
      month         = "{}",
      year          = "{2018}",
}

@lhcbreport{LHCb-CONF-2018-005,
      number        = "{LHCb-CONF-2018-005}",
      collaboration = "{LHCb collaboration}",
      title         = "{LHCb measurement projections in proton-lead collisions during Run 3 and 4}",
      month         = "{}",
      year          = "{2018}",
}

@lhcbreport{LHCb-CONF-2018-004,
      number        = "{LHCb-CONF-2018-004}",
      collaboration = "{LHCb collaboration}",
      title         = "{\Bp, \Bz and \Lb production and nuclear modification in $p$Pb collisions at $\sqsnn = 8.16$ TeV}",
      month         = "{Oct}",
      year          = "{2018}",
}

@lhcbreport{LHCb-CONF-2018-003,
      number        = "{LHCb-CONF-2018-003}",
      collaboration = "{LHCb collaboration}",
      title         = "{Study of coherent production of \jpsi in lead-lead collisions at $\sqrt{s_{NN}}=5$ TeV with the LHCb experiment}",
      month         = "{Jul}",
      year          = "{2018}",
}

@lhcbreport{LHCb-CONF-2018-002,
      number        = "{LHCb-CONF-2018-002}",
      collaboration = "{LHCb collaboration}",
      title         = "{Update of the LHCb combination of the CKM angle $\gamma$ using $B \to DK$ decays}",
      month         = "{May}",
      year          = "{2018}",
}

@lhcbreport{LHCb-CONF-2018-001,
      number        = "{LHCb-CONF-2018-001}",
      collaboration = "{LHCb collaboration}",
      title         = "{Measurement of \CP violation in the $\Bs \to \phi\phi$ decay and search for the $\Bz \to \phi\phi$ decay}",
      month         = "{May}",
      year          = "{2018}",
}

@lhcbreport{LHCb-CONF-2017-005,
      number        = "{LHCb-CONF-2017-005}",
      collaboration = "{LHCb collaboration}",
      title         = "{Prompt \Lc production in $p$Pb collisions at $\sqrt{s_{NN}} = 5.02$ TeV}",
      month         = "{Jul}",
      year          = "{2017}",
      note          = "Retired Conference note. Please cite LHCb-PAPER-2018-021~\cite{LHCb-PAPER-2018-021} instead."
}

@lhcbreport{LHCb-CONF-2017-004,
      number        = "{LHCb-CONF-2017-004}",
      collaboration = "{LHCb collaboration}",
      title         = "{Measurement of the CKM angle $\gamma$ from a combination of $B\to DK$ analyses}",
      month         = "{Jul}",
      year          = "{2017}",
      note          = "Retired Conference note. Please do not cite it."
}

@lhcbreport{LHCb-CONF-2017-003,
      number        = "{LHCb-CONF-2017-003}",
      collaboration = "{LHCb collaboration}",
      title         = "{Abandoned - not to be used}",
      month         = "{Jan}",
      year          = "{2017}",
      note          = "Retired Conference note. Please do not cite it."
}

@lhcbreport{LHCb-CONF-2017-002,
      number        = "{LHCb-CONF-2017-002}",
      collaboration = "{LHCb collaboration}",
      title         = "{Measurement of antiproton production in $p$He collisions at $\sqrt{s_{NN}} = 110$ GeV}",
      month         = "{Apr}",
      year          = "{2017}",
      note          = "Retired Conference note.  Please cite LHCb-PAPER-2018-031~\cite{LHCb-PAPER-2018-031} instead."
}

@lhcbreport{LHCb-CONF-2017-001,
      number        = "{LHCb-CONF-2017-001}",
      collaboration = "{LHCb collaboration}",
      title         = "{Measurement of $\jpsi$ and $\Dz$ production in $p$Ar collisions at $\sqrt{s_{NN}} = 110$ GeV}",
      month         = "{Mar}",
      year          = "{2017}",
      note          = "Retired Conference note. Please cite LHCb-PAPER-2018-023~\cite{LHCb-PAPER-2018-023} instead."
}

@lhcbreport{LHCb-CONF-2016-018,
      number        = "{LHCb-CONF-2016-018}",
      collaboration = "{LHCb collaboration}",
      title         = "{Measurement of time-dependent \CP violating 
                        asymmetries in $\Bz \to \pi^+\pi^-$ and 
                        $\Bs \to K^+ K^-$ decays at LHCb}",
      month         = "{Jan}",
      year          = "{2017}",
      note          = "Retired Conference note. Please cite LHCb-PAPER-2018-006~\cite{LHCb-PAPER-2018-006} instead."
}

@lhcbreport{LHCb-CONF-2016-017,
      number        = "{LHCb-CONF-2016-017}",
      collaboration = "{LHCb collaboration}",
      title         = "{*** UNASSIGNED ***}",
      month         = "{xxx}",
      year          = "{2016}",
      note          = "Retired Conference note. Please do not cite it."
}


@lhcbreport{LHCb-CONF-2016-016,
      number        = "{LHCb-CONF-2016-016}",
      collaboration = "{LHCb collaboration}",
      title         = "{First observation of a baryonic $\Bs$ decay}",
      month         = "{Jan}",
      year          = "{2017}",
      note          = "Retired Conference note. Please do not cite it."
}


@lhcbreport{LHCb-CONF-2016-015,
      number        = "{LHCb-CONF-2016-015}",
      collaboration = "{LHCb collaboration}",
      title         = "{Measurement of \CP asymmetry in $\Bs \to D_s^\mp K^\pm$ decays}",
      month         = "{Jan}",
      year          = "{2017}",
      note          = "Retired Conference note. Please do not cite it."
}


@lhcbreport{LHCb-CONF-2016-014,
      number        = "{LHCb-CONF-2016-014}",
      collaboration = "{LHCb collaboration}",
      title         = "{Study of the decay $B^\pm \to DK^{\ast \pm}$ with two-body $D$ decays}",
      month         = "{Dec}",
      year          = "{2016}",
      note          = "Retired Conference note. Please do not cite it."
}

@lhcbreport{LHCb-CONF-2016-013,
      number        = "{LHCb-CONF-2016-013}",
      collaboration = "{LHCb collaboration}",
      title         = "{Evidence for the rare decay $\Sigmares^+ \to p\mumu$}",
      month         = "{Oct}",
      year          = "{2016}",
      note          = "Retired Conference note. Please do not cite it."
}

@lhcbreport{LHCb-CONF-2016-012,
      number        = "{LHCb-CONF-2016-012}",
      collaboration = "{LHCb collaboration}",
      title         = "{Search for the decay $\KS\to\mumu$}",
      month         = "{Oct}",
      year          = "{2016}",
      note          = "Retired Conference note. Please do not cite it."
}

@lhcbreport{LHCb-CONF-2016-011,
      number        = "{LHCb-CONF-2016-011}",
      collaboration = "{LHCb collaboration}",
      title         = "{Search for the rare decays $\BdorBs \to \taup\taum$}",
      month         = "{Sep}",
      year          = "{2016}",
      note          = "Retired Conference note. Please do not cite it."
}

@lhcbreport{LHCb-CONF-2016-010,
      number        = "{LHCb-CONF-2016-010}",
      collaboration = "{LHCb collaboration}",
      title         = "{$\CP$-violating asymmetries from the decay time distribution of
                        promt $\Dz\to\Kp\Km$ and $\Dz\to\pip\pim$ decays in the full
                        LHCb Run 1 data sample. Measurement using unbinned, acceptance
                        corrected decay-time}",
      month         = "{Sep}",
      year          = "{2016}",
      note          = "Retired Conference note. Please do not cite it."
}

@lhcbreport{LHCb-CONF-2016-009,
      number        = "{LHCb-CONF-2016-009}",
      collaboration = "{LHCb collaboration}",
      title         = "{$\CP$-violating asymmetries from the decay time distribution of
                        promt $\Dz\to\Kp\Km$ and $\Dz\to\pip\pim$ decays in the full
                        LHCb Run 1 data sample. Measurement using yield asymmetries in bins of decay time}",
      month         = "{Sep}",
      year          = "{2016}",
      note          = "Retired Conference note. Please do not cite it."
}

@lhcbreport{LHCb-CONF-2016-008,
      number        = "{LHCb-CONF-2016-008}",
      collaboration = "{LHCb collaboration}",
      title         = "{Dalitz plot analysis of the $\Dp \to \Km\Kp\Kp$ 
                        decay with the isobar model}",
      month         = "{Jul}",
      year          = "{2016}",
}
%       note          = "Retired conference note. Please cite LHCb-PAPER-2018-039~\cite{LHCb-PAPER-2018-039} instead.

@lhcbreport{LHCb-CONF-2016-007,
      number        = "{LHCb-CONF-2016-007}",
      collaboration = "{LHCb collaboration}",
      title         = "{Central exclusive production of $\jpsi$ and 
                        $\psitwos$ mesons in $pp$ collisions 
                        at $\sqrt{s}=13\,$TeV}",
      month         = "{Aug}",
      year          = "{2016}",
      note          = "Retired Conference note. Please cite LHCb-PAPER-2018-011~\cite{LHCb-PAPER-2018-011} instead."
}

@lhcbreport{LHCb-CONF-2016-006,
      number        = "{LHCb-CONF-2016-006}",
      collaboration = "{LHCb collaboration}",
      title         = "{Search for $\H\to \bbbar$ or $\ccbar$ in
                        association with a $\W$ or $\Z$ boson in 
                        the forward region of $pp$ collisions}",
      month         = "{Sep}",
      year          = "{2016}",
}

@lhcbreport{LHCb-CONF-2016-005,
      number        = "{LHCb-CONF-2016-005}",
      collaboration = "{LHCb collaboration}",
      title         = "{LHCb dimuon and charm mass distributions}",
      month         = "{Jul}",
      year          = "{2016}",
}

@lhcbreport{LHCb-CONF-2016-004,
      number        = "{LHCb-CONF-2016-004}",
      collaboration = "{LHCb collaboration}",
      title         = "{Search for structure in the $\Bs \pi^\pm$ 
                        invariant mass spectrum}",
      month        = "{Mar}",
      year         = "{2016}",
      note          = "Retired Conference note. Please do not cite it."
}

@lhcbreport{LHCb-CONF-2016-003,
      number        = "{LHCb-CONF-2016-003}",
      collaboration = "{LHCb collaboration}",
      title         = "{Study of cold nuclear matter effect using prompt
                        $D^0$ meson production in $p$Pb collisions at LHCb}",
      month        = "{Mar}",
      year         = "{2016}",
      note          = "Retired Conference note. Please cite LHCb-PAPER-2017-015~\cite{LHCb-PAPER-2017-015} instead."
}

@lhcbreport{LHCb-CONF-2016-002,
      number        = "{LHCb-CONF-2016-002}",
      collaboration = "{LHCb collaboration}",
      title         = "{Measurement of the $Z \to \mu\mu$ production cross-section
                        at forward rapidities in $pp$ collisions at ${\sqrt s} = 13$~TeV}",
      month        = "{Feb}",
      year         = "{2016}",
      note          = "Retired Conference note. Please do not cite it."
}

@lhcbreport{LHCb-CONF-2016-001,
      number        = "{LHCb-CONF-2016-001}",
      collaboration = "{LHCb collaboration}",
      title         = "{LHCb $\gamma$ combination update from $B \to DKX$ decays}",
      month        = "{Feb}",
      year         = "{2016}",
      note          = "Retired Conference note. Please do not cite it."
}

@lhcbreport{LHCb-CONF-2015-005,
      number        = "{LHCb-CONF-2015-005}",
      collaboration = "{LHCb collaboration}",
      title         = "{Study of $\psi(2S)$ production and cold nuclear matter 
                        effects in $p$Pb collisions at $\sqrt {s_{NN}} = 5$ TeV}",
      month        = "{Sep}",
      year         = "{2015}",
      note          = "Retired conference note. Please cite LHCb-PAPER-2015-058~\cite{LHCb-PAPER-2015-058} instead."
}

@lhcbreport{LHCb-CONF-2015-004,
      number        = "{LHCb-CONF-2015-004}",
      collaboration = "{LHCb collaboration}",
      title         = "{First measurements of long-range near-side angular 
                        correlations in $\sqrt{s_\text{NN} }= 5$ TeV 
                        proton-lead collisions in the forward region}",
      month        = "{Jul}",
      year         = "{2015}",
      note          = "Retired Conference note. Please do not cite it."
}

@lhcbreport{LHCb-CONF-2015-003,
      number        = "{LHCb-CONF-2015-003}",
      collaboration = "{LHCb collaboration}",
      title         = "{Measurement of the $B^0$ oscillation frequency 
                        $\Delta m_d$ with $B^0\to D^{(*)-}\mu^+\nu_\mu$}",
      month        = "{Jul}",
      year         = "{2015}",
      note          = "Retired Conference note. Please do not cite it."
}

@lhcbreport{LHCb-CONF-2015-002,
      number        = "{LHCb-CONF-2015-002}",
      collaboration = "{LHCb collaboration}",
      title         = "{Angular analysis of the $B_d^0\to K^{*0}\mumu$ decay}",
      month        = "{Mar}",
      year         = "{2015}",
      note          = "Retired Conference note. Please do not cite it."
}

@lhcbreport{LHCb-CONF-2015-001,
      number        = "{LHCb-CONF-2015-001}",
      collaboration = "{LHCb collaboration}",
      title         = "{Study of the decay $B^+\to K^+\pi^0$ at LHCb}",
      month        = "{Mar}",
      year         = "{2015}",
}

@lhcbreport{LHCb-CONF-2014-004,
      number        = "{LHCb-CONF-2014-004}",
      collaboration = "{LHCb collaboration}",
      title         = "{Improved constraints on $\gamma$: CKM2014 update}",
      month        = "{Sep}",
      year         = "{2014}",
      note          = "Retired Conference note. Please do not cite it."
}

@misc{LHCb-CONF-2014-003,
      collaboration= "{ALICE and LHCb collaborations}",
      title        = "{Reference pp cross-sections for $\Upsilon(1S)$ 
                       studies in proton-lead collisions at 
                       $\sqrt{s_{NN}} = 5.02$~TeV and comparisons 
                       between ALICE and LHCb results}",
      note         = "\href{https://cds.cern.ch/record/1748460}{LHCb-CONF-2014-003 ; ALICE-PUBLIC-2014-002}",
      month        = "{Aug}",
      year         = "{2014}",
}

@lhcbreport{LHCb-CONF-2014-002,
      number       = "{LHCb-CONF-2014-002}",
      collaboration= "{LHCb collaboration}",
      title        = "{Measurement of the forward $W$ boson cross-section 
                       in $pp$ collisions at $\sqrt{s}=7$ TeV}",
      month        = "{Jul}",
      year         = "{2014}",
      note          = "Retired Conference note. Please do not cite it."
}

@lhcbreport{LHCb-CONF-2014-001,
      number       = "{LHCb-CONF-2014-001}",
      collaboration= "{LHCb collaboration}",
      title        = "{A search for heavy long-lived stau pair production 
                       in the LHCb detector}",
      month        = "{Jul}",
      year         = "{2014}",
      note          = "Retired Conference note. Please do not cite it."
}

@misc{LHCb-CONF-2013-013,
      collaboration= "{ALICE and LHCb collaborations}",
      title        = "{Reference $pp$ cross-sections for $\jpsi$ studies in 
                       proton-lead collisions at $\sqrt{s_{NN}} = 5.02$~TeV 
                       and comparisons between ALICE and LHCb results}",
      note         = "\href{https://cds.cern.ch/record/163961}{LHCb-CONF-2013-013, ALICE-PUBLIC-2013-002}",
      reportNumber = "LHCb-CONF-2013-013 ; ALICE-PUBLIC-2013-002",
      month        = "{Dec}",
      year         = "{2013}",
}

@misc{LHCb-CONF-2013-012,
      collaboration= "{CMS and LHCb collaborations}",
      title        = "{Combination of results on the rare decays 
                       $\\BdorBs \to \mumu$ from the CMS and LHCb experiments}",
      note         = "\href{https://cds.cern.ch/record/1564324}{CMS-PAS-BPH-13-007, LHCb-CONF-2013-012}",
      reportNumber = "CMS-PAS-BPH-13-007, LHCb-CONF-2013-012",
      month        = "{Jul}",
      year         = "{2013}",
      note          = "Retired Conference note. Please do not cite it."
}

@lhcbreport{LHCb-CONF-2013-011,
      number       = "{LHCb-CONF-2013-011}",
      collaboration= "{LHCb collaboration}",
      title        = "{Updated average $f_{s}/f_{d}$ $b$-hadron production fraction ratio for $7 \tev$ $pp$ collisions}",
      month        = "{Jul}",
      year         = "{2013}",
}

@lhcbreport{LHCb-CONF-2013-010,
      number       = "{LHCb-CONF-2013-010}",
      collaboration= "{LHCb collaboration}",
      title        = "{Search for the $\Lb \rightarrow \Lz\eta^{\prime}$ decay at LHCb}",
      month        = "{Jul}",
      year         = "{2013}",
      note          = "Retired Conference note. Please do not cite it."
}

@lhcbreport{LHCb-CONF-2013-009,
      number       = "{LHCb-CONF-2013-009}",
      collaboration= "{LHCb collaboration}",
      title        = "{\CP and up-down asymmetries in 
                       $B^{\pm}\to K^{\pm}\pi^{\mp}\pi^{\pm}\gamma$ decays}",
      month        = "{Jul}",
      year         = "{2013}",
      note          = "Retired Conference note. Please do not cite it."
}

@lhcbreport{LHCb-CONF-2013-008,
      number       = "{LHCb-CONF-2013-008}",
      collaboration= "{LHCb collaboration}",
      title        = "{Study of the $\jpsi$ production cross-section 
                       in proton-lead collisions at $\sqrt{s_{NN}}=5 \tev$}",
      month        = "{May}",
      year         = "{2013}",
      note          = "Retired Conference note.  Please cite LHCb-PAPER-2013-052~\cite{LHCb-PAPER-2013-052} instead."
}

@lhcbreport{LHCb-CONF-2013-007,
      number       = "{LHCb-CONF-2013-007}",
      collaboration= "{LHCb collaboration}",
      title        = "{Measurement of the cross section for 
                       $Z\rightarrow\mu^{+}\mu^{-}$ production with 
                       $1.0 \invfb$ of $pp$ collisions at $\sqrt{s}=7 \tev$}",
      month        = "{Apr}",
      year         = "{2013}",
      note          = "Retired Conference note. Please do not cite it."
}

@lhcbreport{LHCb-CONF-2013-006,
      number       = "{LHCb-CONF-2013-006}",
      collaboration= "{LHCb collaboration}",
      title        = "{A measurement of $\gamma$ from a combination of 
                       $B^\pm \to DK^\pm$ analyses including first 
                       results using $2 \invfb$ of 2012 data}",
      month        = "{Apr}",
      year         = "{2013}",
      note          = "Retired Conference note. Please do not cite it."
}

@lhcbreport{LHCb-CONF-2013-005,
      number       = "{LHCb-CONF-2013-005}",
      collaboration= "{LHCb collaboration}",
      title        = "{Graphical comparison of the LHCb measurements of $W$ and $Z$ boson production with ATLAS and CMS}",
      month        = "{Apr}",
      year         = "{2013}",
}

@lhcbreport{LHCb-CONF-2013-004,
      number       = "{LHCb-CONF-2013-004}",
      collaboration= "{LHCb collaboration}",
      title        = "{Model-independent measurement of CP violation parameters in $B^\pm \to (K_S^0h^+h^-)_D K^\pm$ decays}",
      month        = "{Apr}",
      year         = "{2013}",
      note          = "Retired Conference note. Please do not cite it."
}

@lhcbreport{LHCb-CONF-2013-003,
      number       = "{LHCb-CONF-2013-003}",
      collaboration= "{LHCb collaboration}",
      title        = "{A search for time-integrated \CP violation in $D^0 \to K^-K^+$ and $D^0 \to \pi^-\pi^+$ decays}",
      month        = "{Mar}",
      year         = "{2013}",
      note          = "Retired Conference note. Please do not cite it."
}

@lhcbreport{LHCb-CONF-2013-002,
      number       = "{LHCb-CONF-2013-002}",
      collaboration= "{LHCb collaboration}",
      title        = "{Measurement of $\sigma(b\bquarkbar)$ with inclusive final states}",
      month        = "{Mar}",
      year         = "{2013}",
}

@lhcbreport{LHCb-CONF-2013-001,
      number       = "{LHCb-CONF-2013-001}",
      collaboration= "{LHCb collaboration}",
      title        = "{Measurement of the forward-central $b\bquarkbar$ production asymmetry at LHCb}",
      month        = "{Mar}",
      year         = "{2013}",
      note          = "Retired Conference note. Please do not cite it."
}

@lhcbreport{LHCb-CONF-2012-034,
      number       = "{LHCb-CONF-2012-034}",
      collaboration= "{LHCb collaboration}",
      title        = "{First look at the $p$Pb pilot run}",
      month        = "{Jan}",
      year         = "{2013}",
}

@lhcbreport{LHCb-CONF-2012-033,
      number       = "{LHCb-CONF-2012-033}",
      collaboration= "{LHCb collaboration}",
      title        = "{Optimization and calibration of the same-side kaon tagging algorithm using hadronic $\Bs$ decays in 2011 data}",
      month        = "{Nov}",
      year         = "{2012}",
      note          = "Retired Conference note. Please do not cite it."
}

@lhcbreport{LHCb-CONF-2012-032,
      number       = "{LHCb-CONF-2012-032}",
      collaboration= "{LHCb collaboration}",
      title        = "{A measurement of $\gamma$ from a combination of $B^+\to Dh^+$ analyses}",
      month        = "{Oct}",
      year         = "{2012}",
      note          = "Retired Conference note. Please do not cite it."
}

@lhcbreport{LHCb-CONF-2012-031,
      number       = "{LHCb-CONF-2012-031}",
      collaboration= "{LHCb collaboration}",
      title        = "{Studies of $\Lb \to \jpsi \Lz$ production in $pp$ collisions at $\sqrt{s}=7\tev$}",
      month        = "{Oct}",
      year         = "{2012}",
}

@lhcbreport{LHCb-CONF-2012-030,
      number       = "{LHCb-CONF-2012-030}",
      collaboration= "{LHCb collaboration}",
      title        = "{Search for the suppressed ADS modes $B^\pm \to [\pi^\pm K^\mp \pi^+\pi^-]_D K^\pm$ and $B^\pm \to [\pi^\pm K^\mp \pi^+\pi^-]_D \pi^\pm$}",
      month        = "{Oct}",
      year         = "{2012}",
      note          = "Retired Conference note. Please do not cite it."
}

@lhcbreport{LHCb-CONF-2012-029,
      number       = "{LHCb-CONF-2012-029}",
      collaboration= "{LHCb collaboration}",
      title        = "{Measurement of the time-dependent \CP-violation parameters in $\Bs \to D_s^\mp K^\pm$}",
      month        = "{Oct}",
      year         = "{2012}",
      note          = "Retired Conference note. Please do not cite it."
}

@lhcbreport{LHCb-CONF-2012-028,
      number       = "{LHCb-CONF-2012-028}",
      collaboration= "{LHCb collaboration}",
      title        = "{Evidence for \CP violation in $B \to KK\pi$ and $B \to \pi\pi\pi$ decays}",
      month        = "{Oct}",
      year         = "{2012}",
      note          = "Retired Conference note. Please do not cite it."
}

@lhcbreport{LHCb-CONF-2012-027,
      number       = "{LHCb-CONF-2012-027}",
      collaboration= "{LHCb collaboration}",
      title        = "{Search for the lepton flavour violating and baryon number violating decays $\tau^- \to \antiproton \mu^+ \mu^-$ and $\tau^- \to \proton \mu^- \mu^-$}",
      month        = "{Sep}",
      year         = "{2012}",
      note          = "Retired Conference note. Please do not cite it."
}

@lhcbreport{LHCb-CONF-2012-026,
      number       = "{LHCb-CONF-2012-026}",
      collaboration= "{LHCb collaboration}",
      title        = "{Performance of flavor tagging algorithms optimised for the analysis of $B_s^0 \to \jpsi \phi$}",
      month        = "{Jul}",
      year         = "{2012}",
      note          = "Retired Conference note. Please do not cite it."
}

@lhcbreport{LHCb-CONF-2012-025,
      number       = "{LHCb-CONF-2012-025}",
      collaboration= "{LHCb collaboration}",
      title        = "{Production of $\jpsi$ and $\PUpsilon(1S)$, $\PUpsilon(2S)$ and $\PUpsilon(3S)$~mesons at $\sqrt{s}=8\tev$}",
      month        = "{Jul}",
      year         = "{2012}",
      note          = "Retired Conference note. Please do not cite it."
}

@lhcbreport{LHCb-CONF-2012-024,
      number       = "{LHCb-CONF-2012-024}",
      collaboration= "{LHCb collaboration}",
      title        = "{Measurement of \CP observables in $B^0\to D K^{*0}$ with \decay{D}{K^+K^-}}",
      month        = "{Jul}",
      year         = "{2012}",
      note          = "Retired Conference note. Please do not cite it."
}

@lhcbreport{LHCb-CONF-2012-023,
      number       = "{LHCb-CONF-2012-023}",
      collaboration= "{LHCb collaboration}",
      title        = "{Branching fraction measurements of $B^0_{d,s}$ decays to $K^0_S h h^{'}$ final states, including first observation of $\Bs \to K_S K \pi$}",
      month        = "{Jul}",
      year         = "{2012}",
      note          = "Retired Conference note. Please do not cite it."
}

@lhcbreport{LHCb-CONF-2012-022,
      number       = "{LHCb-CONF-2012-022}",
      collaboration= "{LHCb collaboration}",
      title        = "{Measurement of the flavour-specific \CP violating asymmetry $a_{\mathrm{sl}}^s$ in \Bs decays}",
      month        = "{Jul}",
      year         = "{2012}",
      note          = "Retired Conference note. Please do not cite it."
}

@lhcbreport{LHCb-CONF-2012-021,
      number       = "{LHCb-CONF-2012-021}",
      collaboration= "{LHCb collaboration}",
      title        = "{First observation of $B^-\to D^0 K^-\pi^+\pi^-$ decays to \CP even final states}",
      month        = "{Jul}",
      year         = "{2012}",
      note          = "Retired Conference note. Please do not cite it."
}

@lhcbreport{LHCb-CONF-2012-020,
      number       = "{LHCb-CONF-2012-020}",
      collaboration= "{LHCb collaboration}",
      title        = "{Observation of $\chi_b(3P)$ state at LHCb in pp collisions at $\sqrt{s}=7\tev$}",
      month        = "{Jul}",
      year         = "{2012}",
      note          = "Retired Conference note. Please do not cite it."
}

@lhcbreport{LHCb-CONF-2012-019,
      number       = "{LHCb-CONF-2012-019}",
      collaboration= "{LHCb collaboration}",
      title        = "{Search for \CP violation in $D^{0} \to \pi^{-} \pi^{+} \pi^{+} \pi^{-}$ decays}",
      month        = "{Jul}",
      year         = "{2012}",
      note          = "Retired Conference note. Please do not cite it."
}

@lhcbreport{LHCb-CONF-2012-018,
      number       = "{LHCb-CONF-2012-018}",
      collaboration= "{LHCb collaboration}",
      title        = "{Evidence for CP violation in $B \to K\pi\pi$ and $B \to KKK$ decays}",
      month        = "{Jul}",
      year         = "{2012}",
      note          = "Retired Conference note. Please do not cite it."
}

@lhcbreport{LHCb-CONF-2012-017,
      number       = "{LHCb-CONF-2012-017}",
      collaboration= "{LHCb collaboration}",
      title        = "{Search for the rare decays $\BdorBs\rightarrow\mu\mu$ at the LHC with the ATLAS, CMS and LHCb experiments}",
      month        = "{Jun}",
      year         = "{2012}",
      note          = "Retired Conference note. Please do not cite it."
}

@lhcbreport{LHCb-CONF-2012-016,
      number       = "{LHCb-CONF-2012-016}",
      collaboration= "{LHCb collaboration}",
      title        = "{Measurement of jet production in $Z^0/\gamma^*\rightarrow\mu^+\mu^-$ events at LHCb in $\sqrt s = 7\tev$ $pp$ collisions}",
      month        = "{Jun}",
      year         = "{2012}",
      note          = "Retired Conference note. Please do not cite it."
}

@lhcbreport{LHCb-CONF-2012-015,
      number       = "{LHCb-CONF-2012-015}",
      collaboration= "{LHCb collaboration}",
      title        = "{Search for the lepton flavour violating decay $\tau^- \rightarrow \mu^+ \mu^- \mu^-$ }",
      month        = "{May}",
      year         = "{2012}",
      note          = "Retired Conference note. Please do not cite it."
}

@lhcbreport{LHCb-CONF-2012-014,
      number       = "{LHCb-CONF-2012-014}",
      collaboration= "{LHCb collaboration}",
      title        = "{Search for (Higgs-like) bosons decaying into long-lived exotic particles}",
      month        = "{Jun}",
      year         = "{2012}",
      note          = "Retired Conference note. Please do not cite it."
}

@lhcbreport{LHCb-CONF-2012-013,
      number       = "{LHCb-CONF-2012-013}",
      collaboration= "{LHCb collaboration}",
      title        = "{Inclusive low mass Drell-Yan production in the forward
                      region at $\sqrt{s} = 7\tev$}",
      month        = "{Mar}",
      year         = "{2012}",
}

@lhcbreport{LHCb-CONF-2012-012,
      number       = "{LHCb-CONF-2012-012}",
      collaboration= "{LHCb collaboration}",
      title        = "{Measurement of the forward energy flow in $pp$ collisions
                      at $\sqrt{s} = 7\tev$ with the LHCb experiment}",
      month        = "{Mar}",
      year         = "{2012}",
      note          = "Retired Conference note. Please do not cite it."
}

@lhcbreport{LHCb-CONF-2012-011,
      number       = "{LHCb-CONF-2012-011}",
      collaboration= "{LHCb collaboration}",
      title        = "{Measurement of the cross-section for $Z^0\rightarrow e^+e^-$ production in $pp$ collisions at $\sqrt{s} = 7\tev$}",
      month        = "{Mar}",
      year         = "{2012}",
      note          = "Retired Conference note. Please do not cite it."
}

@lhcbreport{LHCb-CONF-2012-010,
      number       = "{LHCb-CONF-2012-010}",
      collaboration= "{LHCb collaboration}",
      title        = "{Search for the rare decays $B_s^0 \rightarrow \mu^+ \mu^- 
                      \mu^+ \mu^-$ and $B_d^0 \rightarrow \mu^+ \mu^- \mu^+
                      \mu^-$}",
      month        = "{Mar}",
      year         = "{2012}",
      note          = "Retired Conference note. Please do not cite it."
}

@lhcbreport{LHCb-CONF-2012-009,
      number       = "{LHCb-CONF-2012-009}",
      collaboration= "{LHCb collaboration}",
      title        = "{First observations and branching fraction measurements of
                      \Bsb to double-charm final states}",
      month        = "{Feb}",
      year         = "{2012}",
      note          = "Retired Conference note. Please do not cite it."
}

@lhcbreport{LHCb-CONF-2012-008,
      number       = "{LHCb-CONF-2012-008}",
      collaboration= "{LHCb collaboration}",
      title        = "{Differential branching fraction and angular analysis of the
                      $B^{0} \to K^{*0} \mu^{+}\mu^{-}$ decay}",
      month        = "{Feb}",
      year         = "{2012}",
      note          = "Retired Conference note. Please do not cite it."
}

@lhcbreport{LHCb-CONF-2012-007,
      number       = "{LHCb-CONF-2012-007}",
      collaboration= "{LHCb collaboration}",
      title        = "{Measurement of time-dependent \CP violation in charmless
                      two-body $B$ decays}",
      month        = "{Feb}",
      year         = "{2012}",
      note          = "Retired Conference note. Please do not cite it."
}

@lhcbreport{LHCb-CONF-2012-006,
      number       = "{LHCb-CONF-2012-006}",
      collaboration= "{LHCb collaboration}",
      title        = "{First observation of $B^+ \rightarrow \pi^+\mu^+\mu^-$}",
      month        = "{Apr}",
      year         = "{2012}",
      note          = "Retired Conference note. Please do not cite it."
}

@lhcbreport{LHCb-CONF-2012-005,
      number       = "{LHCb-CONF-2012-005}",
      collaboration= "{LHCb collaboration}",
      title        = "{Search for the $D^0 \to \mu^+ \mu^-$ decay with $0.9 \invfb$ at LHCb}",
      month        = "{Feb}",
      year         = "{2012}",
      note          = "Retired Conference note. Please do not cite it."
}

@lhcbreport{LHCb-CONF-2012-004,
      number       = "{LHCb-CONF-2012-004}",
      collaboration= "{LHCb collaboration}",
      title        = "{Measurement of the direct \CP asymmetry in the $B_d^0\to
                      K^{*0}\gamma$ decay}",
      month        = "{Mar}",
      year         = "{2012}",
      note          = "Retired Conference note. Please do not cite it."
}

@lhcbreport{LHCb-CONF-2012-003,
      number       = "{LHCb-CONF-2012-003}",
      collaboration= "{LHCb collaboration}",
      title        = "{Measurement of the ratio of branching fractions for $B ^0_s \rightarrow \phi\mu\mu$ and $B ^0_s \rightarrow  \jpsi \phi$}",
      month        = "{Mar}",
      year         = "{2012}",
      note          = "Retired Conference note. Please do not cite it."
}

@lhcbreport{LHCb-CONF-2012-002,
      number       = "{LHCb-CONF-2012-002}",
      collaboration= "{LHCb collaboration}",
      title        = "{Tagged time-dependent angular analysis of $B_s^0 \to
                      \jpsi\phi$ decays at LHCb}",
      month        = "{Mar}",
      year         = "{2012}",
      note          = "Retired Conference note. Please do not cite it."
}

@lhcbreport{LHCb-CONF-2012-001,
      number       = "{LHCb-CONF-2012-001}",
      collaboration= "{LHCb collaboration}",
      title        = "{Measurement of the effective $\Bs \rightarrow K^+ K^-$
                      lifetime}",
      month        = "{Mar}",
      year         = "{2012}",
      note          = "Retired Conference note. Please do not cite it."
}

@lhcbreport{LHCb-CONF-2011-062,
      number       = "{LHCb-CONF-2011-062}",
      collaboration= "{LHCb collaboration}",
      title        = "{Measurement of the relative cross-section
                      $\sigma(\chi_{c_2})/\sigma(\chi_{c_1})$ of prompt $\chi_c$
                      mesons using at LHCb}",
      month        = "{Nov}",
      year         = "{2011}",
      note          = "Retired Conference note. Please do not cite it."
}

@lhcbreport{LHCb-CONF-2011-061,
      number       = "{LHCb-CONF-2011-061}",
      collaboration= "{LHCb collaboration}",
      title        = "{A search for time-integrated CP violation in $D^0 \to
                      h^-h^+$ decays}",
      month        = "{Nov}",
      year         = "{2011}",
      note          = "Retired Conference note. Please do not cite it."
}

@lhcbreport{LHCb-CONF-2011-060,
      number       = "{LHCb-CONF-2011-060}",
      collaboration= "{LHCb collaboration}",
      title        = "{Measurement of the masses of the  $\Xi_b^{-}$ and
                      $\Omega_b^{-}$}",
      month        = "{Nov}",
      year         = "{2011}",
      note          = "Retired Conference note. Please do not cite it."
}

@lhcbreport{LHCb-CONF-2011-059,
      number       = "{LHCb-CONF-2011-059}",
      collaboration= "{LHCb collaboration}",
      title        = "{Relative branching ratio measurements of charmless
                      $B^{\pm}$ decays to three hadrons}",
      month        = "{Nov}",
      year         = "{2011}",
}

@lhcbreport{LHCb-CONF-2011-058,
      number       = "{LHCb-CONF-2011-058}",
      collaboration= "{LHCb collaboration}",
      title        = "{Measurements of the relative branching fractions of the
                      $B^{\pm} \to p \antiproton K^{\pm}$ decay channel including
                      charmonium contributions}",
      month        = "{Sep}",
      year         = "{2011}",
      note          = "Retired Conference note. Please do not cite it."
}

@lhcbreport{LHCb-CONF-2011-057,
      number       = "{LHCb-CONF-2011-057}",
      collaboration= "{LHCb collaboration}",
      title        = "{Measurements of the relative and absolute branching
                      fractions of the decays $\Bs\rightarrow D^\mp_s K^\pm$ and
                      $\Bs\rightarrow D^-_s \pi^+$ }",
      month        = "{Sep}",
      year         = "{2011}",
      note          = "Retired Conference note. Please do not cite it."
}

@lhcbreport{LHCb-CONF-2011-056,
      number       = "{LHCb-CONF-2011-056}",
      collaboration= "{LHCb collaboration}",
      title        = "{Combination of $\phi_s$ measurements from $B_{s}^{0}\to
                      \jpsi\phi$ and $B_{s}^{0}\to \jpsi f_{0}(980)$}",
      month        = "{Aug}",
      year         = "{2011}",
      note          = "Retired Conference note. Please do not cite it."
}

@lhcbreport{LHCb-CONF-2011-047,
      number       = "{LHCb-CONF-2011-047,CMS-PAS-BPH-11-019}",
      collaboration= "{CMS and LHCb collaborations}",
      title        = "{Search for the rare decay $B^{0}_{s}\to \mu^{+}\mu^{-}$ at
                      the LHC with the CMS and LHCb experiments}",
      month        = "{Aug}",
      year         = "{2011}",
      note          = "Retired Conference note. Please do not cite it."
}

@lhcbreport{LHCb-CONF-2011-055,
      number       = "{LHCb-CONF-2011-055}",
      collaboration= "{LHCb collaboration}",
      title        = "{Measurement of the ratio of branching fractions
                      $\mathcal{B}(B_d\to K^{*0}\gamma)/\mathcal{B}(B_s\to
                      \phi\gamma)$ with the LHCb experiment at $\sqrt{s}=7\tev$}",
      month        = "{Aug}",
      year         = "{2011}",
      note          = "Retired Conference note. Please do not cite it."
}

@lhcbreport{LHCb-CONF-2011-054,
      number       = "{LHCb-CONF-2011-054}",
      collaboration= "{LHCb collaboration}",
      title        = "{Measurement of the Charm Mixing Parameter $y_{CP}$ in
                      Two-Body Charm Decays}",
      month        = "{Aug}",
      year         = "{2011}",
      note          = "Retired Conference note. Please do not cite it."
}

@lhcbreport{LHCb-CONF-2011-053,
      number       = "{LHCb-CONF-2011-053}",
      collaboration= "{LHCb collaboration}",
      title        = "{Observations of Orbitally Excited $\BdorBs^{**}$ Mesons}",
      month        = "{Oct}",
      year         = "{2011}",
      note          = "Retired Conference note. Please do not cite it."
}

@lhcbreport{LHCb-CONF-2011-052,
      number       = "{LHCb-CONF-2011-052}",
      collaboration= "{LHCb collaboration}",
      title        = "{Study of Triple Product Asymmetries in $B_s \rightarrow
                      \phi\phi$ decays}",
      month        = "{Aug}",
      year         = "{2011}",
      note          = "Retired Conference note. Please do not cite it."
}

@lhcbreport{LHCb-CONF-2011-051,
      number       = "{LHCb-CONF-2011-051}",
      collaboration= "{LHCb collaboration}",
      title        = "{Measurement of $\phi_s$ in $B_s \to \jpsi f_0(980)$}",
      month        = "{Sep}",
      year         = "{2011}",
      note          = "Retired Conference note. Please do not cite it."
}

@lhcbreport{LHCb-CONF-2011-050,
      number       = "{LHCb-CONF-2011-050}",
      collaboration= "{LHCb collaboration}",
      title        = "{Measurement of $\Delta m_s$ in the decay $\Bs \rightarrow
                      D^-_s(K^+K^-\pi^-)\pi^+$ using opposite-side and same-side
                      flavour tagging algorithms}",
      month        = "{Aug}",
      year         = "{2011}",
      note          = "Retired Conference note. Please do not cite it."
}

@lhcbreport{LHCb-CONF-2011-049,
      number       = "{LHCb-CONF-2011-049}",
      collaboration= "{LHCb collaboration}",
      title        = "{Tagged time-dependent angular analysis of $B_s\to
                      \jpsi\phi$ decays with 337~pb$^{-1}$ at LHCb}",
      month        = "{Aug}",
      year         = "{2011}",
      note          = "Retired Conference note. Please do not cite it."
}

@lhcbreport{LHCb-CONF-2011-048,
      number       = "{LHCb-CONF-2011-048}",
      collaboration= "{LHCb collaboration}",
      title        = "{Measurement of the $\Bs \to \jpsi K^0_s$ branching
                      fraction}",
      month        = "{Sep}",
      year         = "{2011}",
      note          = "Retired Conference note. Please do not cite it."
}

@lhcbreport{LHCb-CONF-2011-046,
      number       = "{LHCb-CONF-2011-046}",
      collaboration= "{LHCb collaboration}",
      title        = "{Measurement of the \CP Violation Parameter
                      $\mathcal{A}_{\Gamma}$ in Two-Body Charm Decays}",
      month        = "{Jul}",
      year         = "{2011}",
      note          = "Retired Conference note. Please do not cite it."
}

@lhcbreport{LHCb-CONF-2011-045,
      number       = "{LHCb-CONF-2011-045}",
      collaboration= "{LHCb collaboration}",
      title        = "{Search for $X(4140)$ in $B^+\to \jpsi\phi K^+$}",
      month        = "{Jul}",
      year         = "{2011}",
      note          = "Retired Conference note. Please do not cite it."
}

@lhcbreport{LHCb-CONF-2011-044,
      number       = "{LHCb-CONF-2011-044}",
      collaboration= "{LHCb collaboration}",
      title        = "{Evidence for the suppressed decay
                      $B^{\pm}\to(K^{\mp}\pi^{\pm})_{D}K^{\pm}$}",
      month        = "{Jul}",
      year         = "{2011}",
      note          = "Retired Conference note. Please do not cite it."
}

@lhcbreport{LHCb-CONF-2011-043,
      number       = "{LHCb-CONF-2011-043}",
      collaboration= "{LHCb collaboration}",
      title        = "{Inclusive $X(3872)$ production in $pp$ collisions at
                      $\sqrt{s}=7\tev$}",
      month        = "{Jul}",
      year         = "{2011}",
      note          = "Retired Conference note. Please do not cite it."
}

@lhcbreport{LHCb-CONF-2011-042,
      number       = "{LHCb-CONF-2011-042}",
      collaboration= "{LHCb collaboration}",
      title        = "{Charmless charged two-body $B$ decays at LHCb with 2011
                      data}",
      month        = "{Jul}",
      year         = "{2011}",
      note          = "Retired Conference note. Please do not cite it."
}

@lhcbreport{LHCb-CONF-2011-041,
      number       = "{LHCb-CONF-2011-041}",
      collaboration= "{LHCb collaboration}",
      title        = "{$Z$ cross-section measurement at $\sqrt{s}=7\tev$ using the
                      channel $Z \rightarrow\tau\tau$}",
      month        = "{Aug}",
      year         = "{2011}",
      note          = "Retired Conference note. Please do not cite it."
}

@lhcbreport{LHCb-CONF-2011-040,
      number       = "{LHCb-CONF-2011-040}",
      collaboration= "{LHCb collaboration}",
      title        = "{First observation of $B_c^+\to \jpsi \pi^+\pi^-\pi^+$}",
      month        = "{Jul}",
      year         = "{2011}",
      note          = "Retired Conference note. Please do not cite it."
}

@lhcbreport{LHCb-CONF-2011-039,
      number       = "{LHCb-CONF-2011-039}",
      collaboration= "{LHCb collaboration}",
      title        = "{Updated measurements of $W$ and $Z$ production at
                      $\sqrt{s} = 7\tev$ with the LHCb experiment}",
      month        = "{Jul}",
      year         = "{2011}",
      note          = "Retired Conference note. Please do not cite it."
}

@lhcbreport{LHCb-CONF-2011-038,
      number       = "{LHCb-CONF-2011-038}",
      collaboration= "{LHCb collaboration}",
      title        = "{Angular analysis of $B^0\rightarrow K^{*0}\mu^+\mu^-$}",
      month        = "{Aug}",
      year         = "{2011}",
      note          = "Retired Conference note. Please do not cite it."
}

@lhcbreport{LHCb-CONF-2011-037,
      number       = "{LHCb-CONF-2011-037}",
      collaboration= "{LHCb collaboration}",
      title        = "{Search for the rare decays $\BdorBs \to \mu^{+} \mu^{-}$
                      with 300 pb$^{-1}$ at LHCb}",
      month        = "{Jul}",
      year         = "{2011}",
      note          = "Retired Conference note. Please do not cite it."
}

@lhcbreport{LHCb-CONF-2011-036,
      number       = "{LHCb-CONF-2011-036}",
      collaboration= "{LHCb collaboration}",
      title        = "{Studies of beauty baryons decaying to $D^{0}p\pi^{-}$ and
                      $D^{0}pK^{-}$}",
      month        = "{Jul}",
      year         = "{2011}",
      note          = "Retired Conference note. Please do not cite it."
}

@lhcbreport{LHCb-CONF-2011-035,
      number       = "{LHCb-CONF-2011-035}",
      collaboration= "{LHCb collaboration}",
      title        = "{Analysis of $\Bs\to \jpsi \left(\pi^+\pi^-~{
                      \mathrm{ and~}}K^+K^-\right)$ and the first observation of $\jpsi
                      f'_2(1525)$}",
      month        = "{Jul}",
      year         = "{2011}",
      note          = "Retired Conference note. Please do not cite it."
}

@lhcbreport{LHCb-CONF-2011-034,
      number       = "{LHCb-CONF-2011-034}",
      collaboration= "{LHCb collaboration}",
      title        = "{Average $f_s/f_d$ b-hadron production fraction for $7\tev$ pp
                      collisions}",
      month        = "{Jul}",
      year         = "{2011}",
      note          = "Retired Conference note. Please do not cite it."
}

@lhcbreport{LHCb-CONF-2011-033,
      number       = "{LHCb-CONF-2011-033}",
      collaboration= "{LHCb collaboration}",
      title        = "{Measurement of the B$^{\pm}$ production cross-section at
                      LHCb}",
      month        = "{Jul}",
      year         = "{2011}",
      note          = "Retired Conference note. Please do not cite it."
}

@lhcbreport{LHCb-CONF-2011-031,
      number       = "{LHCb-CONF-2011-031}",
      collaboration= "{LHCb collaboration}",
      title        = "{A measurement of the ratio of branching fractions:
                      $\frac{\mathcal{B}(B^{\pm}\rightarrow D
                      K^{\pm})}{\mathcal{B}(B^{\pm}\rightarrow D\pi^{\pm})}$ for
                      $D\rightarrow K\pi$, $KK$, $K\pi\pi\pi$ and $K^0_S\pi\pi$}",
      month        = "{Jul}",
      year         = "{2011}",
      note          = "Retired Conference note. Please do not cite it."
}

@lhcbreport{LHCb-CONF-2011-030,
      number       = "{LHCb-CONF-2011-030}",
      collaboration= "{LHCb collaboration}",
      title        = "{Measurement of the Ratio of Branching Fractions
                      $\mathcal{B}\mathrm{(B^{\pm} \rightarrow \jpsi
                      \pi^{\pm})/\mathcal{B}\mathrm{(B^{\pm} \rightarrow \jpsi
                      K^{\pm})}}$ at $\sqrt{\mathrm{s}}=7\tev$ with the
                      LHCb Detector}",
      month        = "{Aug}",
      year         = "{2011}",
      note          = "Retired Conference note. Please do not cite it."
}

@lhcbreport{LHCb-CONF-2011-029,
      number       = "{LHCb-CONF-2011-029}",
      collaboration= "{LHCb collaboration}",
      title        = "{Time integrated ratio of wrong-sign to right-sign $D^0
                      \rightarrow K\pi$ decays in 2010 data at LHCb}",
      month        = "{Jul}",
      year         = "{2011}",
      note          = "Retired Conference note. Please do not cite it."
}

@lhcbreport{LHCb-CONF-2011-028,
      number       = "{LHCb-CONF-2011-028}",
      collaboration= "{LHCb collaboration}",
      title        = "{Measurement of b-hadron production fractions in $7\tev$
                      centre-of-mass energy pp collisions}",
      month        = "{Jun}",
      year         = "{2011}",
      note          = "Retired Conference note. Please do not cite it."
}

@lhcbreport{LHCb-CONF-2011-027,
      number       = "{LHCb-CONF-2011-027}",
      collaboration= "{LHCb collaboration}",
      title        = "{Measurement of $b$-hadron masses with exclusive $\jpsi X$
                      decays in 2010 data}",
      month        = "{May}",
      year         = "{2011}",
      note          = "Retired Conference note. Please do not cite it."
}

@lhcbreport{LHCb-CONF-2011-026,
      number       = "{LHCb-CONF-2011-026}",
      collaboration= "{LHCb collaboration}",
      title        = "{Measurement of the $\psi(2S)$ production cross-section at
                      $\sqrt{s}=7\tev$ in LHCb}",
      month        = "{May}",
      year         = "{2011}",
      note          = "Retired Conference note. Please do not cite it."
}


@lhcbreport{LHCb-CONF-2011-025,
      number       = "{LHCb-CONF-2011-025}",
      collaboration= "{LHCb collaboration}",
      title        = "{Evidence for the decay $B_s^0 \rightarrow \jpsi
                      \Kstarzb$}",
      month        = "{Jun}",
      year         = "{2011}",
      note          = "Retired Conference note. Please do not cite it."
}

@lhcbreport{LHCb-CONF-2011-024,
      number       = "{LHCb-CONF-2011-024}",
      collaboration= "{LHCb collaboration}",
      title        = "{First observations of the Cabibbo-suppressed decays
                      $\Bb^0\to D^{+}K^{-}\pi^{+}\pi^{-}$ and $B^{-}\to D^{0}
                      K^{-}\pi^{+}\pi^{-}$}",
      month        = "{May}",
      year         = "{2011}",
      note          = "Retired Conference note. Please do not cite it."
}

@lhcbreport{LHCb-CONF-2011-023,
      number       = "{LHCb-CONF-2011-023}",
      collaboration= "{LHCb collaboration}",
      title        = "{A search for time-integrated \CP violation in $D^0
                      \rightarrow h^{+}h^{-}$ decays and a measurement of the
                      $D^0$ production asymmetry}",
      month        = "{Jun}",
      year         = "{2011}",
      note          = "Retired Conference note. Please do not cite it."
}

@lhcbreport{LHCb-CONF-2011-022,
      number       = "{LHCb-CONF-2011-022}",
      collaboration= "{LHCb collaboration}",
      title        = "{Central exclusive dimuon production at $\sqrt{s}=7\tev$}",
      month        = "{May}",
      year         = "{2011}",
}

@lhcbreport{LHCb-CONF-2011-021,
      number       = "{LHCb-CONF-2011-021}",
      collaboration= "{LHCb collaboration}",
      title        = "{Measurement of the $X$(3872) mass with first LHCb data}",
      month        = "{Apr}",
      year         = "{2011}",
      note          = "Retired Conference note. Please do not cite it."
}

@lhcbreport{LHCb-CONF-2011-019,
      number       = "{LHCb-CONF-2011-019}",
      collaboration= "{LHCb collaboration}",
      title        = "{First observation of the decay $\Bs \to \Kstarz
                      \Kstarzb$}",
      month        = "{Apr}",
      year         = "{2011}",
      note          = "Retired Conference note. Please do not cite it."
}

@lhcbreport{LHCb-CONF-2011-020,
      number       = "{LHCb-CONF-2011-020}",
      collaboration= "{LHCb collaboration}",
      title        = "{A measurement of the cross-section ratio
                      $\sigma(\chi_{c2})/\sigma(\chi_{c1})$ for prompt $\chi_{c}$
                      production at $\sqrt{s} = 7\tev$ in LHCb}",
      month        = "{May}",
      year         = "{2011}",
      note          = "Retired Conference note. Please do not cite it."
}

@lhcbreport{LHCb-CONF-2011-018,
      number       = "{LHCb-CONF-2011-018}",
      collaboration= "{LHCb collaboration}",
      title        = "{Measurement of the effective $B_s^0 \rightarrow K^{+}K^{-}$
                      Lifetime}",
      month        = "{May}",
      year         = "{2011}",
      note          = "Retired Conference note. Please do not cite it."
}

@lhcbreport{LHCb-CONF-2011-017,
      number       = "{LHCb-CONF-2011-017}",
      collaboration= "{LHCb collaboration}",
      title        = "{Measurement of the $B_c^+$ to $B^+$ production
                      cross-section ratios at $\sqrt{s} = 7\tev$ in LHCb}",
      month        = "{Apr}",
      year         = "{2011}",
      note          = "Retired Conference note. Please do not cite it."
}

@lhcbreport{LHCb-CONF-2011-016,
      number       = "{LHCb-CONF-2011-016}",
      collaboration= "{LHCb collaboration}",
      title        = "{Measurement of the $\PUpsilon (1S)$ production
                      cross-section at $\sqrt{s} = 7\tev$ in LHCb}",
      month        = "{Apr}",
      year         = "{2011}",
      note          = "Retired Conference note. Please do not cite it."
}

@lhcbreport{LHCb-CONF-2011-015,
      number       = "{LHCb-CONF-2011-015}",
      collaboration= "{LHCb collaboration}",
      title        = "{Inclusive jets and dijets in LHCb}",
      month        = "{Mar}",
      year         = "{2011}",
}

@lhcbreport{LHCb-CONF-2011-014,
      number       = "{LHCb-CONF-2011-014}",
      collaboration= "{LHCb collaboration}",
      title        = "{$\mathcal{B}(\Bs\rightarrow\psi(2S)\phi)/
                      \mathcal{B}(\Bs\rightarrow \jpsi\phi)$}",
      month        = "{May}",
      year         = "{2011}",
      note          = "Retired Conference note. Please do not cite it."
}

@lhcbreport{LHCb-CONF-2011-013,
      number       = "{LHCb-CONF-2011-013}",
      collaboration= "{LHCb collaboration}",
      title        = "{Measurement of the relative yields of the decay modes
                      $B^0\to D^- \pi^+$, $B^0\to D^- K^+$, $\Bs \to D^-_s
                      \pi^+$, and determination of $f_s/f_d$ for $7\tev$ $pp$
                      collisions}",
      month        = "{Apr}",
      year         = "{2011}",
      note          = "Retired Conference note. Please do not cite it."
}

@lhcbreport{LHCb-CONF-2011-012,
      number       = "{LHCb-CONF-2011-012}",
      collaboration= "{LHCb collaboration}",
      title        = "{W and Z production at $\sqrt{s} = 7\tev$ with the LHCb
                      experiment}",
      month        = "{May}",
      year         = "{2011}",
      note          = "Retired Conference note. Please do not cite it."
}

@lhcbreport{LHCb-CONF-2011-011,
      number       = "{LHCb-CONF-2011-011}",
      collaboration= "{LHCb collaboration}",
      title        = "{Measurement of direct $\mathcal{CP}$ violation in charmless
                      charged two-body $B$ decays at LHCb}",
      month        = "{Apr}",
      year         = "{2011}",
      note          = "Retired Conference note. Please do not cite it."
}

@lhcbreport{LHCb-CONF-2011-010,
      number       = "{LHCb-CONF-2011-010}",
      collaboration= "{LHCb collaboration}",
      title        = "{Measurement of $\Delta m_d$ in $B^0 \rightarrow
                      D^-(K^+\pi^-\pi^-)\pi^+$}",
      month        = "{Apr}",
      year         = "{2011}",
      note          = "Retired Conference note. Please do not cite it."
}

@lhcbreport{LHCb-CONF-2011-009,
      number       = "{LHCb-CONF-2011-009}",
      collaboration= "{LHCb collaboration}",
      title        = "{Observation of double $\jpsi$ production in proton-proton
                      collisions at a centre-of-mass energy of $\sqrt{s} = 7\tev$}",
      month        = "{Apr}",
      year         = "{2011}",
      note          = "Retired Conference note. Please do not cite it."
}

@lhcbreport{LHCb-CONF-2011-008,
      number       = "{LHCb-CONF-2011-008}",
      collaboration= "{LHCb collaboration}",
      title        = "{First observation of the decay $\B\Bs \to D^0
                      K^{*0}$ and measurement of the ratio of branching fractions
                      $\frac{\mathcal{B}\left(\B\Bs \to D^0
                      K^{*0}\right)}{\mathcal{B}\left(\Bb^0_d \to D^0
                      \rho^{0}\right)}$}",
      month        = "{Apr}",
      year         = "{2011}",
      note          = "Retired Conference note. Please do not cite it."
}

@lhcbreport{LHCb-CONF-2011-007,
      number       = "{LHCb-CONF-2011-007}",
      collaboration= "{LHCb collaboration}",
      title        = "{Improved Measurements of the Cabibbo Favored Decays
                      $\BdorBs \to D_{(s)} \pi\pi\pi$ and $\Lambda_b \to
                      \Lambda_{c\pi\pi\pi}$ Branching Fractions}",
      month        = "{Mar}",
      year         = "{2011}",
      note          = "Retired Conference note. Please do not cite it."
}

@lhcbreport{LHCb-CONF-2011-006,
      number       = "{LHCb-CONF-2011-006}",
      collaboration= "{LHCb collaboration}",
      title        = "{Tagged time-dependent angular analysis of $\Bs \to
                      \jpsi\phi$ decays with the 2010 LHCb data}",
      month        = "{May}",
      year         = "{2011}",
      note          = "Retired Conference note. Please do not cite it."
}

@lhcbreport{LHCb-CONF-2011-005,
      number       = "{LHCb-CONF-2011-005}",
      collaboration= "{LHCb collaboration}",
      title        = "{Measurement of $\Delta m_s$ in the decay $\Bs \rightarrow
                      D^-_s(K^+K^-\pi^-)(3)\pi$}",
      month        = "{Apr}",
      year         = "{2011}",
      note          = "Retired Conference note. Please do not cite it."
}

@lhcbreport{LHCb-CONF-2011-004,
      number       = "{LHCb-CONF-2011-004}",
      collaboration= "{LHCb collaboration}",
      title        = "{Search for \CP violation in $B^0 \to \jpsi \KS$ decays
                      with first LHCb data}",
      month        = "{Jun}",
      year         = "{2011}",
      note          = "Retired Conference note. Please do not cite it."
}

@lhcbreport{LHCb-CONF-2011-003,
      number       = "{LHCb-CONF-2011-003}",
      collaboration= "{LHCb collaboration}",
      title        = "{Optimization and calibration of the LHCb flavour tagging
                      performance using 2010 data}",
      month        = "{Mar}",
      year         = "{2011}",
      note          = "Retired Conference note. Please do not cite it."
}

@lhcbreport{LHCb-CONF-2011-002,
      number       = "{LHCb-CONF-2011-002}",
      collaboration= "{LHCb collaboration}",
      title        = "{Flavor-untagged angular analysis of
                      $\textrm{B}_\textrm{d}^0\rightarrow \jpsi \textrm{K}^*$ 
                      and  $\textrm{B}_\textrm{s}^0\rightarrow \jpsi\phi$ decays 
                              }",
      month        = "{May}",
      year         = "{2011}",
      note          = "Retired Conference note. Please do not cite it."
}

@lhcbreport{LHCb-CONF-2011-001,
      number       = "{LHCb-CONF-2011-001}",
      collaboration= "{LHCb collaboration}",
      title        = "{$b$-hadron lifetime measurements with exclusive $b\to
                      \jpsi X$ decays reconstructed in the 2010 data}",
      month        = "{Mar}",
      year         = "{2011}",
      note          = "Retired Conference note. Please do not cite it."
}

@lhcbreport{LHCb-CONF-2010-014,
      number       = "{LHCb-CONF-2010-014}",
      collaboration= "{LHCb collaboration}",
      title        = "{Measurement of the inclusive $\phi$ cross-section in $pp$
                      collisions at $\sqrt{s}=7\tev$ with the LHCb
                      experiment}",
      month        = "{Dec}",
      year         = "{2010}",
      note          = "Retired Conference note. Please do not cite it."
}

@lhcbreport{LHCb-CONF-2010-013,
      number       = "{LHCb-CONF-2010-013}",
      collaboration= "{LHCb collaboration}",
      title        = "{Prompt charm production in $pp$ collisions at $\sqrt{s} =7\tev$}",
      month        = "{Dec}",
      year         = "{2010}",
      note          = "Retired Conference note. Please do not cite it."
}

@lhcbreport{LHCb-CONF-2010-012,
      number       = "{LHCb-CONF-2010-012}",
      collaboration= "{LHCb collaboration}",
      title        = "{Measurements of $B^0$ mesons production cross-section in pp
                      collisions at $\sqrt{s} = 7\tev$ using $B^0 \rightarrow
                      D^{*-}\mu^+ \nu_\mu X$ decays}",
      month        = "{Oct}",
      year         = "{2010}",
      note          = "Retired Conference note. Please do not cite it."
}

@lhcbreport{LHCb-CONF-2010-011,
      number       = "{LHCb-CONF-2010-011}",
      collaboration= "{LHCb collaboration}",
      title        = "{Measurement of prompt $\Lbar/\Lz$ and
                      $\Lbar/\KS$ production
                      ratios in inelastic non-diffractive pp collisions at
                      $\sqrt{s}$ = 0.9 and $7\tev$}",
      month        = "{Oct}",
      year         = "{2010}",
      note          = "Retired Conference note. Please do not cite it."
}

@lhcbreport{LHCb-CONF-2010-010,
      number       = "{LHCb-CONF-2010-010}",
      collaboration= "{LHCb collaboration}",
      title        = "{Measurement of the $\jpsi$ production cross-section at
                      $\sqrt{s} = 7\tev$ in LHCb}",
      month        = "{Oct}",
      year         = "{2010}",
      note          = "Retired Conference note. Please do not cite it."
}

@lhcbreport{LHCb-CONF-2010-009,
      number       = "{LHCb-CONF-2010-009}",
      collaboration= "{LHCb collaboration}",
      title        = "{Measurement of the $\antiproton/{p}$ ratio in LHCb at
                      $\sqrt{s} = 900\gev$ and $7\tev$}",
      month        = "{Aug}",
      year         = "{2010}",
      note          = "Retired Conference note. Please do not cite it."
}

@lhcbreport{LHCb-CONF-2010-008,
      number       = "{LHCb-CONF-2010-008}",
      collaboration= "{LHCb collaboration}",
      title        = "{Prompt \KS production in $pp$ collisions at $\sqrt{s}$
                      = 900 GeV}",
      month        = "{May}",
      year         = "{2010}",
}
% Earlier documents in LHCb-CONF- series are actually proceedings
