@article{LHCb-PII-Physics,
      title         = "{Physics case for an LHCb Upgrade II --- Opportunities in flavour physics, and beyond, in the HL-LHC era}",
      institution   = "CERN",
      collaboration = "LHCb collaboration",
      address       = "Geneva",
      number        = "CERN-LHCC-2018-027 LHCb-PUB-2018-009",
      year          = "2018",
      eprint         = "1808.08865",
      archivePrefix  = "arXiv",
      primaryClass   = "hep-ex",
}

@lhcbreport{LHCb-PII-EoI,
      title         = "{Expression of Interest for a Phase-II LHCb Upgrade:
                       Opportunities in flavour physics, and beyond, in the HL-LHC
                       era}",
      institution   = "CERN",
      collaboration = "LHCb collaboration",
      address       = "Geneva",
      number        = "CERN-LHCC-2017-003",
      year          = "2017",
}

@lhcbreport{LHCb-TDR-017,
      collaboration = "LHCb collaboration",
      title         = "{LHCb Upgrade Software and Computing}",
      institution   = "CERN",
      address       = "Geneva",
      number        = "{CERN-LHCC-2018-007}",
      year          = "2018",
}

@lhcbreport{LHCb-TDR-016,
      collaboration = "LHCb collaboration",
      title         = "{LHCb Trigger and Online Technical Design Report}",
      institution   = "CERN",
      address       = "Geneva",
      number        = "{CERN-LHCC-2014-016}",
      year          = "2014",
}

@lhcbreport{LHCb-TDR-015,
      collaboration = "LHCb collaboration",
      title         = "{LHCb Tracker Upgrade Technical Design Report}",
      institution   = "CERN",
      address       = "Geneva",
      number        = "{CERN-LHCC-2014-001}",
      year          = "2014",
}

@lhcbreport{LHCb-TDR-014,
      collaboration = "LHCb collaboration",
      title         = "{LHCb PID Upgrade Technical Design Report}",
      institution   = "CERN",
      address       = "Geneva",
      number        = "{CERN-LHCC-2013-022}",
      year          = "2013",
}

@lhcbreport{LHCb-TDR-013,
      collaboration = "LHCb collaboration",
      title         = "{LHCb VELO Upgrade Technical Design Report}",
      institution   = "CERN",
      address       = "Geneva",
      number        = "{CERN-LHCC-2013-021}",
      year          = "2013",
}

@lhcbreport{LHCb-TDR-012,
      collaboration = "LHCb collaboration",
      title         = "{Framework TDR for the LHCb Upgrade: Technical Design
                       Report}",
      institution   = "CERN",
      address       = "Geneva",
      number        = "{CERN-LHCC-2012-007}",
      year          = "2012",
}

@lhcbreport{LHCb-TDR-011,
      collaboration = "LHCb collaboration",
      title         = "{LHCb computing: Technical Design Report}",
      institution   = "CERN",
      address       = "Geneva",
      number        = "{CERN-LHCC-2005-019}",
      year          = "2005",
}

@lhcbreport{LHCb-TDR-010,
      collaboration = "LHCb collaboration",
      title         = "{LHCb trigger system: Technical Design Report}",
      institution   = "CERN",
      address       = "Geneva",
      number        = "{CERN-LHCC-2003-031}",
      year          = "2003",
}

@lhcbreport{LHCb-TDR-009,
      collaboration = "LHCb collaboration",
      title         = "{LHCb reoptimized detector design and performance:
                       Technical Design Report}",
      institution   = "CERN",
      address       = "Geneva",
      number        = "{CERN-LHCC-2003-030}",
      year          = "2003",
}

@lhcbreport{LHCb-TDR-008,
      collaboration = "LHCb collaboration",
      title         = "{LHCb inner tracker: Technical Design Report}",
      institution   = "CERN",
      address       = "Geneva",
      number        = "{CERN-LHCC-2002-029}",
      year          = "2002",
}

@lhcbreport{LHCb-TDR-007,
      collaboration = "LHCb collaboration",
      title         = "{LHCb online system, data acquisition and experiment
                       control: Technical Design Report}",
      institution   = "CERN",
      address       = "Geneva",
      number        = "{CERN-LHCC-2001-040}",
      year          = "2001",
}

@lhcbreport{LHCb-TDR-006,
      collaboration = "LHCb collaboration",
      title         = "{LHCb outer tracker: Technical Design Report}",
      institution   = "CERN",
      address       = "Geneva",
      number        = "{CERN-LHCC-2001-024}",
      year          = "2001",
}

@lhcbreport{LHCb-TDR-005,
      collaboration = "LHCb collaboration",
      title         = "{LHCb VELO (VErtex LOcator): Technical Design Report}",
      institution   = "CERN",
      address       = "Geneva",
      number        = "{CERN-LHCC-2001-011}",
      year          = "2001",
}

@lhcbreport{LHCb-TDR-004,
      collaboration = "LHCb collaboration",
      title         = "{LHCb muon system: Technical Design Report}",
      institution   = "CERN",
      address       = "Geneva",
      number        = "{CERN-LHCC-2001-010}",
      year          = "2001",
}

@lhcbreport{LHCb-TDR-003,
      collaboration = "LHCb collaboration",
      title         = "{LHCb RICH: Technical Design Report}",
      institution   = "CERN",
      address       = "Geneva",
      number        = "{CERN-LHCC-2000-037}",
      year          = "2000",
}

@lhcbreport{LHCb-TDR-002,
      collaboration = "LHCb collaboration",
      title         = "{LHCb calorimeters: Technical Design Report}",
      institution   = "CERN",
      address       = "Geneva",
      number        = "{CERN-LHCC-2000-036}",
      year          = "2000",
}

@lhcbreport{LHCb-TDR-001,
      collaboration = "LHCb collaboration",
      title         = "{LHCb magnet: Technical Design Report}",
      institution   = "CERN",
      address       = "Geneva",
      number        = "{CERN-LHCC-2000-007}",
      year          = "2000",
}

