% Correct Bibtex entries are best obtained by cut-and-paste from 
% Spires or Inspire. 
% - They might still need some editing of Latex symbols in 
%   the titles. 
% - Page ranges should in many cases be shortened to just 
%   having the start page.
% - Collaborations might need to be added or indeed just the word 
%   "collaboration" put after them.
%
% This file is intentionally empty. Use it for your own references. Standard references are in LHCb-CONF.bib  LHCb-DP.bib  LHCb-PAPER.bib  LHCb-TDR.bib  standard.bib

@article{Belle:2019rba,
    author = "Caria, G. and others",
    collaboration = "Belle collaboration",
    title = "{Measurement of $\mathcal{R}(D)$ and $\mathcal{R}(D^*)$ with a semileptonic tagging method}",
    eprint = "1910.05864",
    archivePrefix = "arXiv",
    primaryClass = "hep-ex",
    reportNumber = "Belle-2019-18, KEK-2019-40",
    doi = "10.1103/PhysRevLett.124.161803",
    journal = "Phys. Rev. Lett.",
    volume = "124",
    number = "16",
    pages = "161803",
    year = "2020"
}
	
@article{Aaij:2017tyk,
    author = "Aaij, R. and others",
    collaboration = "LHCb",
    title = "{Measurement of the ratio of branching fractions $\mathcal{B}(B_c^+\,\to\,J/\psi\tau^+\nu_\tau)$/$\mathcal{B}(B_c^+\,\to\,J/\psi\mu^+\nu_\mu)$}",
    eprint = "1711.05623",
    archivePrefix = "arXiv",
    primaryClass = "hep-ex",
    reportNumber = "LHCB-PAPER-2017-035, CERN-EP-2017-275",
    doi = "10.1103/PhysRevLett.120.121801",
    journal = "Phys. Rev. Lett.",
    volume = "120",
    number = "12",
    pages = "121801",
    year = "2018"
}

@article{Sato:2016svk,
	Archiveprefix = {arXiv},
	Author = {Sato, Y. and others},
	Collaboration = {Belle collaboration},
	Date-Added = {2017-02-01 16:01:15 +0000},
	Date-Modified = {2017-02-01 16:01:15 +0000},
	Doi = {10.1103/PhysRevD.94.072007},
	Eprint = {1607.07923},
	Journal = {Phys. Rev.},
	Number = {7},
	Pages = {072007},
	Primaryclass = {hep-ex},
	Reportnumber = {KEK-PREPRINT-2016-8, BELLE-PREPRINT-2016-8},
	Slaccitation = {%%CITATION = ARXIV:1607.07923;%%},
	Title = {{Measurement of the branching ratio of $\bar{B}^0 \rightarrow D^{*+} \tau^- \bar{\nu}_{\tau}$ relative to $\bar{B}^0 \rightarrow D^{*+} \ell^- \bar{\nu}_{\ell}$ decays with a semileptonic tagging method}},
	Volume = {D94},
	Year = {2016},
	Bdsk-Url-1 = {http://dx.doi.org/10.1103/PhysRevD.94.072007}}

@article{Aaij:2015yra,
    author = "Aaij, Roel and others",
    collaboration = "LHCb",
    title = "{Measurement of the ratio of branching fractions $\mathcal{B}(\bar{B}^0 \to D^{*+}\tau^{-}\bar{\nu}_{\tau})/\mathcal{B}(\bar{B}^0 \to D^{*+}\mu^{-}\bar{\nu}_{\mu})$}",
    eprint = "1506.08614",
    archivePrefix = "arXiv",
    primaryClass = "hep-ex",
    reportNumber = "CERN-PH-EP-2015-150, LHCB-PAPER-2015-025",
    doi = "https://doi.org/10.1103/PhysRevLett.115.111803",
    journal = "Phys. Rev. Lett.",
    volume = "115",
    number = "11",
    pages = "111803",
    year = "2015",
    note = "[Erratum: Phys.Rev.Lett. 115, 159901 (2015)]"
}

@article{Aaij:2017deq,
    author = "Aaij, R. and others",
    collaboration = "LHCb",
    title = "{Test of lepton flavor universality by the measurement of the $B^0 \to D^{*-} \tau^+ \nu_{\tau}$ branching fraction using three-prong $\tau$ decays}",
    eprint = "1711.02505",
    archivePrefix = "arXiv",
    primaryClass = "hep-ex",
    reportNumber = "CERN-EP-2017-256, LHCB-PAPER-2017-027",
    doi = "10.1103/PhysRevD.97.072013",
    journal = "Phys. Rev.",
    volume = "D97",
    number = "7",
    pages = "072013",
    year = "2018"
}

@article{Huschle:2015rga,
	Archiveprefix = {arXiv},
	Author = {Huschle, M. and others},
	Collaboration = {Belle collaboration},
	Date-Added = {2017-02-01 16:01:28 +0000},
	Date-Modified = {2017-02-01 16:01:28 +0000},
	Doi = {10.1103/PhysRevD.92.072014},
	Eprint = {1507.03233},
	Journal = {Phys. Rev.},
	Number = {7},
	Pages = {072014},
	Primaryclass = {hep-ex},
	Reportnumber = {KEK-REPORT-2015-18},
	Slaccitation = {%%CITATION = ARXIV:1507.03233;%%},
	Title = {{Measurement of the branching ratio of $\Bbar \to D^{(\ast)} \tau^- \bar{\nu}_\tau$ relative to $\bar{B} \to D^{(\ast)} \ell^- \bar{\nu}_\ell$ decays with hadronic tagging at Belle}},
	Volume = {D92},
	Year = {2015},
	Bdsk-Url-1 = {http://dx.doi.org/10.1103/PhysRevD.92.072014}}

@article{Hirose:2017dxl,
    author = "Hirose, S. and others",
    collaboration = "Belle collaboration",
    title = "{Measurement of the $\tau$ lepton polarization and $R(D^*)$ in the decay $\Bbar \rightarrow D^* \tau^- \bar{\nu}_\tau$ with one-prong hadronic $\tau$ decays at Belle}",
    eprint = "1709.00129",
    archivePrefix = "arXiv",
    primaryClass = "hep-ex",
    reportNumber = "KEK-PREPRINT-2017-26, BELLE-PREPRINT-2017-18",
    doi = "10.1103/PhysRevD.97.012004",
    journal = "Phys. Rev.",
    volume = "D97",
    number = "1",
    pages = "012004",
    year = "2018"
}

@article{Lees:2013uzd,
	Archiveprefix = {arXiv},
	Author = {Lees, J. P. and others},
	collaboration = {BaBar collaboration},
	Date-Added = {2017-02-01 15:55:37 +0000},
	Date-Modified = {2017-02-01 15:55:37 +0000},
	Doi = {10.1103/PhysRevD.88.072012},
	Eprint = {1303.0571},
	Journal = {Phys. Rev.},
	Number = {7},
	Pages = {072012},
	Primaryclass = {hep-ex},
	Reportnumber = {BABAR-PUB-13-001, SLAC-PUB-15381},
	Slaccitation = {%%CITATION = ARXIV:1303.0571;%%},
	Title = {{Measurement of an excess of $\Bbar \to D^{(*)}\tau^- \bar{\nu}_\tau$ decays and implications for charged Higgs bosons}},
	Volume = {D88},
	Year = {2013},
	Bdsk-Url-1 = {http://dx.doi.org/10.1103/PhysRevD.88.072012}}

@article{Lees:2012xj,
    author = "Lees, J. P. and others",
    collaboration = "BaBar collaboration",
    title = "{Evidence for an excess of $\Bbar \to D^{(*)} \tau^-\bar{\nu}_\tau$ decays}",
    eprint = "1205.5442",
    archivePrefix = "arXiv",
    primaryClass = "hep-ex",
    reportNumber = "BABAR-PUB-12-012, SLAC-PUB-15028",
    doi = "10.1103/PhysRevLett.109.101802",
    journal = "Phys. Rev. Lett.",
    volume = "109",
    pages = "101802",
    year = "2012"
}

@article{Aad:2019mbh,
    author = "Aad, Georges and others",
    collaboration = "ATLAS collaboration",
    title = "{Combined measurements of Higgs boson production and decay using up to $80$ fb$^{-1}$ of proton-proton collision data at $\sqrt{s}=$ 13 TeV collected with the ATLAS experiment}",
    eprint = "1909.02845",
    archivePrefix = "arXiv",
    primaryClass = "hep-ex",
    reportNumber = "CERN-EP-2019-097",
    doi = "10.1103/PhysRevD.101.012002",
    journal = "Phys. Rev.",
    volume = "C101",
    number = "1",
    pages = "012002",
    year = "2020"
}

@article{Sirunyan:2018koj,
    author = "Sirunyan, Albert M and others",
    collaboration = "CMS collaboration",
    title = "{Combined measurements of Higgs boson couplings in proton\textendash{}proton collisions at $\sqrt{s}=13\,\text {Te}\text {V} $}",
    eprint = "1809.10733",
    archivePrefix = "arXiv",
    primaryClass = "hep-ex",
    reportNumber = "CMS-HIG-17-031, CERN-EP-2018-263",
    doi = "10.1140/epjc/s10052-019-6909-y",
    journal = "Eur. Phys. J.",
    volume = "C79",
    number = "5",
    pages = "421",
    year = "2019"
}

@article{Bordone:2016gaq,
      author         = "Bordone, Marzia and Isidori, Gino and Pattori, Andrea",
      title          = "{On the Standard Model predictions for $R_K$ and
                        $R_{K^*}$}",
      journal        = "Eur. Phys. J.",
      volume         = "C76",
      year           = "2016",
      number         = "8",
      pages          = "440",
      doi            = "10.1140/epjc/s10052-016-4274-7",
      eprint         = "1605.07633",
      archivePrefix  = "arXiv",
      primaryClass   = "hep-ph",
      SLACcitation   = "%%CITATION = ARXIV:1605.07633;%%"
}

% supplementary mat
@misc{suppl,
     note    = "See Supplemental Material for additional details on fits and crosschecks"
}

@inproceedings{Blum:1999:BHB:307400.307439,
 author = {Blum, Avrim and Kalai, Adam and Langford, John},
 title = {Beating the hold-out: bounds for k-fold and progressive cross-validation},
 booktitle = {Proceedings of the twelfth annual conference on computational learning theory},
 series = {COLT '99},
 year = {1999},
 isbn = {1-58113-167-4},
 location = {Santa Cruz, California, USA},
 pages = {203},
 numpages = {6},
 url = {http://doi.acm.org/10.1145/307400.307439},
 doi = {10.1145/307400.307439},
 acmid = {307439},
 publisher = {ACM},
 address = {New York, NY, USA},
} 
@article{Straub:2018kue,
      author         = "Straub, David M.",
      title          = "{flavio: a python package for flavour and precision
                        phenomenology in the Standard Model and beyond}",
      year           = "2018",
      eprint         = "1810.08132",
      archivePrefix  = "arXiv",
      primaryClass   = "hep-ph",
      doi = "10.5281/zenodo.4587748",
      SLACcitation   = "%%CITATION = ARXIV:1810.08132;%%"
}


@article{Bailey:2015dka,
        Archiveprefix = {arXiv},
        Author = {Bailey, Jon A. and others},
        Doi = {10.1103/PhysRevD.93.025026},
        Eprint = {1509.06235},
        Journal = {Phys. Rev.},
        Pages = {025026},
        Primaryclass = {hep-lat},
        Reportnumber = {FERMILAB-PUB-15-403-T},
        Slaccitation = {%%CITATION = ARXIV:1509.06235;%%},
        Title = {{$B\to Kl^+l^-$ decay form factors from three-flavor lattice QCD}},
        Volume = {D93},
        Year = {2016},
        Bdsk-Url-1 = {http://dx.doi.org/10.1103/PhysRevD.93.025026}}

@article{Du:2015tda,
    author = "Du, Daping and El-Khadra, A. X. and Gottlieb, Steven and Kronfeld, A. S. and Laiho, J. and Lunghi, E. and Van de Water, R. S. and Zhou, Ran",
    title = "{Phenomenology of semileptonic B-meson decays with form factors from lattice QCD}",
    eprint = "1510.02349",
    archivePrefix = "arXiv",
    primaryClass = "hep-ph",
    reportNumber = "FERMILAB-PUB-15-425-T, NSF-KITP-15-134",
    doi = "10.1103/PhysRevD.93.034005",
    journal = "Phys. Rev.",
    volume = "D93",
    number = "3",
    pages = "034005",
    year = "2016"
}

@misc{EOS,
  author       = {Danny van Dyk and
                  Nico Gubernari and
                  DomLeljak and
                  Méril Reboud and
                  elgicse and
                  Christoph Bobeth and
                  Martin Ritter and
                  Stephan Kürten and
                  Thomas Blake and
                  Marzia Bordone and
                  Ahmet Kokulu and
                  Eduardo Romero and
                  Ismo Toijala and
                  KKVos and
                  Philip Lüghausen and
                  Eike Eberhard},
  title        = {EOS Version 0.3.3},
  month        = mar,
  year         = {(2021)},
  publisher    = {Zenodo},
  version      = {v0.3.3},
  doi          = {10.5281/zenodo.4586379},
  url          = {https://doi.org/10.5281/zenodo.4586379}
}


@article{Descotes-Genon:2015uva,
      author         = "Descotes-Genon, Sébastien and Hofer, Lars and Matias,
                        Joaquim and Virto, Javier",
      title          = "{Global analysis of $b\to s\ell\ell$ anomalies}",
      journal        = "JHEP",
      volume         = "06",
      year           = "2016",
      pages          = "092",
      doi            = "10.1007/JHEP06(2016)092",
      eprint         = "1510.04239",
      archivePrefix  = "arXiv",
      primaryClass   = "hep-ph",
      reportNumber   = "LPT-ORSAY-15-68, QFET-2015-29, SI-HEP-2015-19",
      SLACcitation   = "%%CITATION = ARXIV:1510.04239;%%"
}
@article{Capdevila:2016ivx,
      author         = "Capdevila, Bernat and Descotes-Genon, Sebastien and
                        Matias, Joaquim and Virto, Javier",
      title          = "{Assessing lepton-flavour non-universality from $B\to
                        K^*\ell\ell$ angular analyses}",
      journal        = "JHEP",
      volume         = "10",
      year           = "2016",
      pages          = "075",
      doi            = "10.1007/JHEP10(2016)075",
      eprint         = "1605.03156",
      archivePrefix  = "arXiv",
      primaryClass   = "hep-ph",
      reportNumber   = "LPT-ORSAY-16-40, QFET-2016-09, SI-HEP-2016-14",
      SLACcitation   = "%%CITATION = ARXIV:1605.03156;%%"
}
@article{Geng:2017svp,
    author = {Geng, Li-Sheng and Grinstein, Benjam\'\i{}n and J\"ager, Sebastian and Martin Camalich, Jorge and Ren, Xiu-Lei and Shi, Rui-Xiang},
    title = "{Towards the discovery of new physics with lepton-universality ratios of $b\to s\ell\ell$ decays}",
    eprint = "1704.05446",
    archivePrefix = "arXiv",
    primaryClass = "hep-ph",
    reportNumber = "CERN-TH-2017-085",
    doi = "10.1103/PhysRevD.96.093006",
    journal = "Phys. Rev.",
    volume = "D96",
    number = "9",
    pages = "093006",
    year = "2017"
}
@article{Serra:2016ivr,
    author = "Serra, Nicola and Silva Coutinho, Rafael and van Dyk, Danny",
    title = "{Measuring the breaking of lepton flavor universality in $B\to K^*\ell^+\ell^-$}",
    eprint = "1610.08761",
    archivePrefix = "arXiv",
    primaryClass = "hep-ph",
    reportNumber = "EOS-2016-03, ZU-TH-12-16",
    doi = "10.1103/PhysRevD.95.035029",
    journal = "Phys. Rev.",
    volume = "D95",
    number = "3",
    pages = "035029",
    year = "2017"
}
@article{Altmannshofer:2015mqa,
    author = "Altmannshofer, Wolfgang and Yavin, Itay",
    title = "{Predictions for lepton flavor universality violation in rare B decays in models with gauged $L_\mu - L_\tau$}",
    eprint = "1508.07009",
    archivePrefix = "arXiv",
    primaryClass = "hep-ph",
    doi = "10.1103/PhysRevD.92.075022",
    journal = "Phys. Rev.",
    volume = "D92",
    number = "7",
    pages = "075022",
    year = "2015"
}
% not published...
@article{Rajeev:2020aut,
    author = "Rajeev, N. and Sahoo, Niladribihari and Dutta, Rupak",
    title = "{Angular analysis of $B_s\, \to\, f_{2}'\,(1525)\,(\to K^+\,K^-)\,\mu^+ \,\mu^-$ decays as a probe to lepton flavor universality violation}",
    eprint = "2009.06213",
    archivePrefix = "arXiv",
    primaryClass = "hep-ph",
    month = "9",
    year = "2020"
}
@article{Capdevila:2017ert,
      author         = "Capdevila, Bernat and Descotes-Genon, Sebastien and
                        Hofer, Lars and Matias, Joaquim",
      title          = "{Hadronic uncertainties in $B \to K^* \mu^+ \mu^-$: a
                        state-of-the-art analysis}",
      journal        = "JHEP",
      volume         = "04",
      year           = "2017",
      pages          = "016",
      doi            = "10.1007/JHEP04(2017)016",
      eprint         = "1701.08672",
      archivePrefix  = "arXiv",
      primaryClass   = "hep-ph",
      reportNumber   = "ICCUB-17-003, UAB-FT-990, LPT-ORSAY-16-89",
      SLACcitation   = "%%CITATION = ARXIV:1701.08672;%%"
}

@article{Jager:2014rwa,
      author         = "Jäger, Sebastian and Martin Camalich, Jorge",
      title          = "{Reassessing the discovery potential of the \mbox{$B \to K^{*}
                        \ell^+\ell^-$} decays in the large-recoil region: SM
                        challenges and BSM opportunities}",
      journal        = "Phys. Rev.",
      volume         = "D93",
      year           = "2016",
      number         = "1",
      pages          = "014028",
      doi            = "10.1103/PhysRevD.93.014028",
      eprint         = "1412.3183",
      archivePrefix  = "arXiv",
      primaryClass   = "hep-ph",
      SLACcitation   = "%%CITATION = ARXIV:1412.3183;%%"
}
@article{Straub:2015ica,
      author         = "Bharucha, Aoife and Straub, David M. and Zwicky, Roman",
      title          = "{$B\to V\ell^+\ell^-$ in the Standard Model from
                        light-cone sum rules}",
      journal        = "JHEP",
      volume         = "08",
      year           = "2016",
      pages          = "098",
      doi            = "10.1007/JHEP08(2016)098",
      eprint         = "1503.05534",
      archivePrefix  = "arXiv",
      primaryClass   = "hep-ph",
      reportNumber   = "TUM-HEP-957-14, CP3-Origins-2015-010, DIAS-2015-10",
      SLACcitation   = "%%CITATION = ARXIV:1503.05534;%%"
}
@article{Altmannshofer:2017fio,
      author         = "Altmannshofer, Wolfgang and Niehoff, Christoph and
                        Stangl, Peter and Straub, David M.",
      title          = "{Status of the $B\rightarrow K^*\mu ^+\mu ^-$ anomaly
                        after Moriond 2017}",
      journal        = "Eur. Phys. J.",
      volume         = "C77",
      year           = "2017",
      number         = "6",
      pages          = "377",
      doi            = "10.1140/epjc/s10052-017-4952-0",
      eprint         = "1703.09189",
      archivePrefix  = "arXiv",
      primaryClass   = "hep-ph",
      SLACcitation   = "%%CITATION = ARXIV:1703.09189;%%"
}
@Inbook{GradBoost,
        author="Huber, Peter J.",
        editor="Kotz, Samuel
        and Johnson, Norman L.",
        title="Robust estimation of a location parameter",
        bookTitle="Breakthroughs in Statistics: Methodology and Distribution",
        year="1992",
        publisher="Springer New York",
        address="New York, NY",
        pages="492",
        isbn="978-1-4612-4380-9",
        doi="10.1007/978-1-4612-4380-9\_35",
}
@article{Altmannshofer:2017yso,
      author         = "Altmannshofer, Wolfgang and Stangl, Peter and Straub,
                        David M.",
      title          = "{Interpreting hints for lepton flavor universality
                        violation}",
      journal        = "Phys. Rev.",
      volume         = "D96",
      year           = "2017",
      number         = "5",
      pages          = "055008",
      doi            = "10.1103/PhysRevD.96.055008",
      eprint         = "1704.05435",
      archivePrefix  = "arXiv",
      primaryClass   = "hep-ph",
      SLACcitation   = "%%CITATION = ARXIV:1704.05435;%%"
}
@article{Capdevila:2017bsm,
      author         = "Capdevila, Bernat and Crivellin, Andreas and
                        Descotes-Genon, Sébastien and Matias, Joaquim and Virto,
                        Javier",
      title          = "{Patterns of new physics in $b\to s\ell^+\ell^-$
                        transitions in the light of recent data}",
      journal        = "JHEP",
      volume         = "01",
      year           = "2018",
      pages          = "093",
      doi            = "10.1007/JHEP01(2018)093",
      eprint         = "1704.05340",
      archivePrefix  = "arXiv",
      primaryClass   = "hep-ph",
      reportNumber   = "PSI-PR-17-05, LPT-ORSAY-17-19",
      SLACcitation   = "%%CITATION = ARXIV:1704.05340;%%"
}
@article{Altmannshofer:2014cfa,
      author         = "Altmannshofer, Wolfgang and Gori, Stefania and Pospelov,
                        Maxim and Yavin, Itay",
      title          = "{Quark flavor transitions in $L_\mu-L_\tau$ models}",
      journal        = "Phys. Rev.",
      volume         = "D89",
      year           = "2014",
      pages          = "095033",
      doi            = "10.1103/PhysRevD.89.095033",
      eprint         = "1403.1269",
      archivePrefix  = "arXiv",
      primaryClass   = "hep-ph",
      SLACcitation   = "%%CITATION = ARXIV:1403.1269;%%"
}
@article{Crivellin:2015mga,
      author         = "Crivellin, Andreas and D'Ambrosio, Giancarlo and Heeck,
                        Julian",
      title          = "{Explaining $h\to\mu^\pm\tau^\mp$, $B\to K^* \mu^+\mu^-$
                        and $B\to K \mu^+\mu^-/B\to K e^+e^-$ in a
                        two-Higgs-doublet model with gauged $L_\mu-L_\tau$}",
      journal        = "Phys. Rev. Lett.",
      volume         = "114",
      year           = "2015",
      pages          = "151801",
      doi            = "10.1103/PhysRevLett.114.151801",
      eprint         = "1501.00993",
      archivePrefix  = "arXiv",
      primaryClass   = "hep-ph",
      reportNumber   = "CERN-PH-TH-2015-001, ULB-TH-14-26",
      SLACcitation   = "%%CITATION = ARXIV:1501.00993;%%"
}
@article{Celis:2015ara,
      author         = "Celis, Alejandro and Fuentes-Mart{\'i}n, Javier and Jung,
                        Martín and Ser\^{o}dio, Hugo",
      title          = "{Family nonuniversal Z' models with protected
                        flavor-changing interactions}",
      journal        = "Phys. Rev.",
      volume         = "D92",
      year           = "2015",
      number         = "1",
      pages          = "015007",
      doi            = "10.1103/PhysRevD.92.015007",
      eprint         = "1505.03079",
      archivePrefix  = "arXiv",
      primaryClass   = "hep-ph",
      reportNumber   = "LMU-ASC-22-15, IFIC-15-23, FLAVOUR(267104)-ERC-95",
      SLACcitation   = "%%CITATION = ARXIV:1505.03079;%%"
}
@article{Falkowski:2015zwa,
      author         = "Falkowski, Adam and Nardecchia, Marco and Ziegler,
                        Robert",
      title          = "{Lepton flavor non-universality in B-meson decays from a
                        U(2) flavor model}",
      journal        = "JHEP",
      volume         = "11",
      year           = "2015",
      pages          = "173",
      doi            = "10.1007/JHEP11(2015)173",
      eprint         = "1509.01249",
      archivePrefix  = "arXiv",
      primaryClass   = "hep-ph",
      SLACcitation   = "%%CITATION = ARXIV:1509.01249;%%"
}

@article{Hiller:2014yaa,
      author         = "Hiller, Gudrun and Schmaltz, Martin",
      title          = "{$R_K$ and future $b \to s \ell \ell$ physics beyond the
                        Standard Model opportunities}",
      journal        = "Phys. Rev.",
      volume         = "D90",
      year           = "2014",
      pages          = "054014",
      doi            = "10.1103/PhysRevD.90.054014",
      eprint         = "1408.1627",
      archivePrefix  = "arXiv",
      primaryClass   = "hep-ph",
      reportNumber   = "DO-TH-14-17",
      SLACcitation   = "%%CITATION = ARXIV:1408.1627;%%"
}

@article{Gripaios:2014tna,
      author         = "Gripaios, Ben and Nardecchia, Marco and Renner, S. A.",
      title          = "{Composite leptoquarks and anomalies in $B$-meson
                        decays}",
      journal        = "JHEP",
      volume         = "05",
      year           = "2015",
      pages          = "006",
      doi            = "10.1007/JHEP05(2015)006",
      eprint         = "1412.1791",
      archivePrefix  = "arXiv",
      primaryClass   = "hep-ph",
      SLACcitation   = "%%CITATION = ARXIV:1412.1791;%%"
}

@article{Varzielas:2015iva,
      author         = "de Medeiros Varzielas, Ivo and Hiller, Gudrun",
      title          = "{Clues for flavor from rare lepton and quark decays}",
      journal        = "JHEP",
      volume         = "06",
      year           = "2015",
      pages          = "072",
      doi            = "10.1007/JHEP06(2015)072",
      eprint         = "1503.01084",
      archivePrefix  = "arXiv",
      primaryClass   = "hep-ph",
      reportNumber   = "DO-TH-15-02, QFET-2015-04",
      SLACcitation   = "%%CITATION = ARXIV:1503.01084;%%"
}

@article{Barbieri:2016las,
      author         = "Barbieri, Riccardo and Murphy, Christopher W. and Senia,
                        Fabrizio",
      title          = "{B-decay anomalies in a composite leptoquark model}",
      journal        = "Eur. Phys. J.",
      volume         = "C77",
      year           = "2017",
      number         = "1",
      pages          = "8",
      doi            = "10.1140/epjc/s10052-016-4578-7",
      eprint         = "1611.04930",
      archivePrefix  = "arXiv",
      primaryClass   = "hep-ph",
      SLACcitation   = "%%CITATION = ARXIV:1611.04930;%%"
}

@article{    Bordone2018,
author="Bordone, Marzia
and Cornella, Claudia
and Fuentes-Mart{\'i}n, Javier
and Isidori, Gino",
title="{Low-energy signatures of the PS3 model: from B-physics anomalies to LFV}",
journal="JHEP",
year="2018",
volume="10",
pages="148",
doi="10.1007/JHEP10(2018)148",
eprint         = "1805.09328",
url="https://doi.org/10.1007/JHEP10(2018)148"
}

@article{Fornal:2018dqn,
    author = "Fornal, Bartosz and Gadam, Sri Aditya and Grinstein, Benjamin",
    title = "{Left-right SU(4) vector leptoquark model for flavor anomalies}",
    eprint = "1812.01603",
    archivePrefix = "arXiv",
    primaryClass = "hep-ph",
    doi = "10.1103/PhysRevD.99.055025",
    journal = "Phys. Rev.",
    volume = "D99",
    number = "5",
    pages = "055025",
    year = "2019"
}

@article{Hurth:2017hxg,
      author         = "Hurth, T. and Mahmoudi, F. and Mart{\'\i}nez Santos, D. and
                        Neshatpour, S.",
      title          = "{Lepton nonuniversality in exclusive
                        $b{\rightarrow}s{\ell}{\ell}$ decays}",
      journal        = "Phys. Rev.",
      volume         = "D96",
      year           = "2017",
      number         = "9",
      pages          = "095034",
      doi            = "10.1103/PhysRevD.96.095034",
      eprint         = "1705.06274",
      archivePrefix  = "arXiv",
      primaryClass   = "hep-ph",
      reportNumber   = "CERN-TH-2017-110, IPM-P.A-466, MITP-17-035",
      SLACcitation   = "%%CITATION = ARXIV:1705.06274;%%"
}
@article{DAmico:2017mtc,
      author         = "D'Amico, Guido and Nardecchia, Marco and Panci, Paolo and
                        Sannino, Francesco and Strumia, Alessandro and Torre,
                        Riccardo and Urbano, Alfredo",
      title          = "{Flavour anomalies after the $R_{K^*}$ measurement}",
      journal        = "JHEP",
      volume         = "09",
      year           = "2017",
      pages          = "010",
      doi            = "10.1007/JHEP09(2017)010",
      eprint         = "1704.05438",
      archivePrefix  = "arXiv",
      primaryClass   = "hep-ph",
      reportNumber   = "CERN-TH-2017-086, CP3-ORIGINS-2017-014",
      SLACcitation   = "%%CITATION = ARXIV:1704.05438;%%"
}
%

@article{Ciuchini:2017mik,
      author         = "Ciuchini, Marco and Coutinho, Antonio M. and Fedele,
                        Marco and Franco, Enrico and Paul, Ayan and Silvestrini,
                        Luca and Valli, Mauro",
      title          = "{On flavourful easter eggs for new physics hunger and
                        lepton flavour universality violation}",
      journal        = "Eur. Phys. J.",
      volume         = "C77",
      year           = "2017",
      number         = "10",
      pages          = "688",
      doi            = "10.1140/epjc/s10052-017-5270-2",
      eprint         = "1704.05447",
      archivePrefix  = "arXiv",
      primaryClass   = "hep-ph",
      SLACcitation   = "%%CITATION = ARXIV:1704.05447;%%"
}

@article{Lyon:2014hpa,
      author         = "Lyon, James and Zwicky, Roman",
      title          = "{Resonances gone topsy turvy -- the charm of QCD or new
                        physics in $b \to s \ell^+ \ell^-$?}",
      year           = "2014",
      eprint         = "1406.0566",
      archivePrefix  = "arXiv",
      primaryClass   = "hep-ph",
      reportNumber   = "EDINBURGH-14-10, CP3-ORIGINS-2014-021, DIAS-2014-21",
      SLACcitation   = "%%CITATION = ARXIV:1406.0566;%%"
}
@article{Khodjamirian:2012rm,
      author         = "Khodjamirian, A. and Mannel, Th. and Wang, Y. -M.",
      title          = "{$B \to K \ell^{+}\ell^{-}$ decay at large hadronic
                        recoil}",
      journal        = "JHEP",
      volume         = "02",
      year           = "2013",
      pages          = "010",
      doi            = "10.1007/JHEP02(2013)010",
      eprint         = "1211.0234",
      archivePrefix  = "arXiv",
      primaryClass   = "hep-ph",
      reportNumber   = "SI-HEP-2012-10",
      SLACcitation   = "%%CITATION = ARXIV:1211.0234;%%"
}
@article{Khodjamirian:2010vf,
      author         = "Khodjamirian, A. and Mannel, Th. and Pivovarov, A. A. and
                        Wang, Y. -M.",
      title          = "{Charm-loop effect in $B \to K^{(*)} \ell^{+} \ell^{-}$
                        and $B\to K^*\gamma$}",
      journal        = "JHEP",
      volume         = "09",
      year           = "2010",
      pages          = "089",
      doi            = "10.1007/JHEP09(2010)089",
      eprint         = "1006.4945",
      archivePrefix  = "arXiv",
      primaryClass   = "hep-ph",
      reportNumber   = "SI-HEP-2010-08",
      SLACcitation   = "%%CITATION = ARXIV:1006.4945;%%"
}
@article{Descotes-Genon:2014uoa,
      author         = "Descotes-Genon, Sébastien and Hofer, Lars and Matias,
                        Joaquim and Virto, Javier",
      title          = "{On the impact of power corrections in the prediction of
                        $B \to K^*\mu^+\mu^-$ observables}",
      journal        = "JHEP",
      volume         = "12",
      year           = "2014",
      pages          = "125",
      doi            = "10.1007/JHEP12(2014)125",
      eprint         = "1407.8526",
      archivePrefix  = "arXiv",
      primaryClass   = "hep-ph",
      reportNumber   = "LPT-ORSAY-14-63, UAB-FT-757, QFET-2014-13,
                        SI-HEP-2014-19",
      SLACcitation   = "%%CITATION = ARXIV:1407.8526;%%"
}
@article{Horgan:2013pva,
      author         = "Horgan, Ronald R. and Liu, Zhaofeng and Meinel, Stefan
                        and Wingate, Matthew",
      title          = "{Calculation of $B^0 \to K^{*0} \mu^+ \mu^-$ and $B_s^0
                        \to \phi \mu^+ \mu^-$ observables using form factors from
                        lattice QCD}",
      journal        = "Phys. Rev. Lett.",
      volume         = "112",
      year           = "2014",
      pages          = "212003",
      doi            = "10.1103/PhysRevLett.112.212003",
      eprint         = "1310.3887",
      archivePrefix  = "arXiv",
      primaryClass   = "hep-ph",
      reportNumber   = "DAMTP-2013-55, MIT-CTP-4508",
      SLACcitation   = "%%CITATION = ARXIV:1310.3887;%%"
}
@article{Beaujean:2013soa,
      author         = "Beaujean, Frederik and Bobeth, Christoph and van Dyk,
                        Danny",
      title          = "{Comprehensive Bayesian analysis of rare (semi)leptonic
                        and radiative $B$ decays}",
      journal        = "Eur. Phys. J.",
      volume         = "C74",
      year           = "2014",
      pages          = "2897",
      doi            = "10.1140/epjc/s10052-014-2897-0",
      eprint         = "1310.2478",
      archivePrefix  = "arXiv",
      primaryClass   = "hep-ph",
      reportNumber   = "EOS-2013-01, SI-HEP-2013-10, QFET-2013-07,
                        FLAVOUR(267104)-ERC-56",
      SLACcitation   = "%%CITATION = ARXIV:1310.2478;%%",
      extraPrefix    = "Erratum",
      extraVolume    = "C74",
      extraPages     = "3179",
      extraYear      = "2014",
      extraDoi       = "10.1140/epjc/s10052-014-3179-6",
}
@article{Hambrock:2013zya,
      author         = "Hambrock, Christian and Hiller, Gudrun and Schacht,
                        Stefan and Zwicky, Roman",
      title          = "{$B \to K^*$ form factors from flavor data to QCD and
                        back}",
      journal        = "Phys. Rev.",
      volume         = "D89",
      year           = "2014",
      number         = "7",
      pages          = "074014",
      doi            = "10.1103/PhysRevD.89.074014",
      eprint         = "1308.4379",
      archivePrefix  = "arXiv",
      primaryClass   = "hep-ph",
      reportNumber   = "DO-TH-13-13, QFET-2013-04, EDINBURGH-13-17,
                        CP^3-ORIGINS-2013-025, DIAS-2013-25",
      SLACcitation   = "%%CITATION = ARXIV:1308.4379;%%"
}
@article{Altmannshofer:2013foa,
      author         = "Altmannshofer, Wolfgang and Straub, David M.",
      title          = "{New physics in $B \to K^*\mu\mu$?}",
      journal        = "Eur. Phys. J.",
      volume         = "C73",
      year           = "2013",
      pages          = "2646",
      doi            = "10.1140/epjc/s10052-013-2646-9",
      eprint         = "1308.1501",
      archivePrefix  = "arXiv",
      primaryClass   = "hep-ph",
      reportNumber   = "FERMILAB-PUB-13-310-T, MITP-13-047",
      SLACcitation   = "%%CITATION = ARXIV:1308.1501;%%"
}
@article{Hiller:2003js,
      author         = "Hiller, Gudrun and Kr{\"u}ger, Frank",
      title          = "{More model-independent analysis of $b \to s$ processes}",
      journal        = "Phys. Rev.",
      volume         = "D69",
      year           = "2004",
      pages          = "074020",
      doi            = "10.1103/PhysRevD.69.074020",
      eprint         = "hep-ph/0310219",
      archivePrefix  = "arXiv",
      primaryClass   = "hep-ph",
      reportNumber   = "LMU-18-03, TUM-HEP-519-03",
      SLACcitation   = "%%CITATION = HEP-PH/0310219;%%"
}
@article{Wang:2003je,
      author         = "Wang, Yili and Atwood, David",
      title          = "{Rate difference between $b \to s \mu^+ \mu^-$ and $b \to s e^+
                        e^-$ in supersymmetry with large tan $\beta$}",
      journal        = "Phys. Rev.",
      volume         = "D68",
      year           = "2003",
      pages          = "094016",
      doi            = "10.1103/PhysRevD.68.094016",
      eprint         = "hep-ph/0304248",
      archivePrefix  = "arXiv",
      primaryClass   = "hep-ph",
      reportNumber   = "AMES-HET-03-01",
      SLACcitation   = "%%CITATION = HEP-PH/0304248;%%"
}
@article{Ablikim:2013pqa,
      author         = "Ablikim, M. and others",
      title          = "{Precision measurements of \mbox{${\cal B}[\psi(3686)\to\pip\pim\jpsi]$} and
                        \mbox{${\cal B}[\jpsi\to\ell^+\ell^-]$}}",
      collaboration  = "BESIII collaboration",
      journal        = "Phys. Rev.",
      volume         = "D88",
      year           = "2013",
      number         = "3",
      pages          = "032007",
      doi            = "10.1103/PhysRevD.88.032007",
      eprint         = "1307.1189",
      archivePrefix  = "arXiv",
      primaryClass   = "hep-ex",
      SLACcitation   = "%%CITATION = ARXIV:1307.1189;%%"
}
@article{Khodjamirian:2017fxg,
      author         = "Khodjamirian, Alexander and Rusov, Aleksey V.",
      title          = "{$B_{s}\to K \ell \nu_\ell$ and $B_{(s)} \to \pi (K)
                        \ell^+\ell^-$ decays at large recoil and CKM matrix
                        elements}",
      journal        = "JHEP",
      volume         = "08",
      year           = "2017",
      pages          = "112",
      doi            = "10.1007/JHEP08(2017)112",
      eprint         = "1703.04765",
      archivePrefix  = "arXiv",
      primaryClass   = "hep-ph",
      reportNumber   = "SI-HEP-2017-03, QFET-2017-03",
      SLACcitation   = "%%CITATION = ARXIV:1703.04765;%%"
}

@article{Bobeth:2007,
	author = "Bobeth, Christoph and Hiller, Gudrun and Piranishvili, Giorgi",
	doi = "10.1088/1126-6708/2007/12/040",
	year = "2007",
	volume = "07",
	number = {12},
	pages = {040},
	title = "{Angular distributions of $\bar{B} \to K \bar{\ell} \ell$ decays}",
	journal = "JHEP",
	eprint = "0709.4174",
      archivePrefix  = "arXiv",
      primaryClass   = "hep-ph",
}

%%Kstarll measurements
@article{Aaboud:2018krd,
      author         = "Aaboud, Morad and others",
      title          = "{Angular analysis of $B^0_d \rightarrow K^{*}\mu^+\mu^-$
                        decays in $pp$ collisions at $\sqrt{s}= 8$ TeV with the
                        ATLAS detector}",
      collaboration  = "ATLAS collaboration",
      journal        = "JHEP",
      volume         = "10",
      year           = "2018",
      pages          = "047",
      doi            = "10.1007/JHEP10(2018)047",
      eprint         = "1805.04000",
      archivePrefix  = "arXiv",
      primaryClass   = "hep-ex",
      reportNumber   = "CERN-EP-2017-161",
      SLACcitation   = "%%CITATION = ARXIV:1805.04000;%%"
}

@article{Aubert:2006vb,
      author         = "Aubert, Bernard and others",
      title          = "{Measurements of branching fractions, rate asymmetries,
                        and angular distributions in the rare decays $B \to K
                        \ell^{+} \ell^{-}$ and \mbox{$B \to K^{*} \ell^{+} \ell^{-}$}}",
      collaboration  = "BaBar collaboration",
      journal        = "Phys. Rev.",
      volume         = "D73",
      year           = "2006",
      pages          = "092001",
      doi            = "10.1103/PhysRevD.73.092001",
      eprint         = "hep-ex/0604007",
      archivePrefix  = "arXiv",
      primaryClass   = "hep-ex",
      reportNumber   = "SLAC-PUB-11799, BABAR-PUB-06-015",
      SLACcitation   = "%%CITATION = HEP-EX/0604007;%%"
}

@article{Lees:2015ymt,
      author         = "Lees, J. P. and others",
      title          = "{Measurement of angular asymmetries in the decays $B \to K^*\ell^+\ell^-$}",
      collaboration  = "BaBar collaboration",
      journal        = "Phys. Rev.",
      volume         = "D93",
      year           = "2016",
      number         = "5",
      pages          = "052015",
      doi            = "10.1103/PhysRevD.93.052015",
      eprint         = "1508.07960",
      archivePrefix  = "arXiv",
      primaryClass   = "hep-ex",
      reportNumber   = "BABAR-PUB-15-002, SLAC-PUB-16384",
      SLACcitation   = "%%CITATION = ARXIV:1508.07960;%%"
}

@article{Wei:2009zv,
      author         = "Wei, J. -T. and others",
      title          = "{Measurement of the differential branching fraction and
                        forward-backward asymmetry for $B \to
                        K^{(*)}\ell^+\ell^-$}",
      collaboration  = "Belle collaboration",
      journal        = "Phys. Rev. Lett.",
      volume         = "103",
      year           = "2009",
      pages          = "171801",
      doi            = "10.1103/PhysRevLett.103.171801",
      eprint         = "0904.0770",
      archivePrefix  = "arXiv",
      primaryClass   = "hep-ex",
      reportNumber   = "BELLE-PREPRINT-2009-7, KEK-PREPRINT-2008-56",
      SLACcitation   = "%%CITATION = ARXIV:0904.0770;%%"
}

@article{Wehle:2016yoi,
      author         = "Wehle, S. and others",
      title          = "{Lepton-flavor-dependent angular analysis of \mbox{$B\to K^\ast
                        \ell^+\ell^-$}}",
      collaboration  = "Belle collaboration",
      journal        = "Phys. Rev. Lett.",
      volume         = "118",
      year           = "2017",
      pages          = "111801",
      doi            = "10.1103/PhysRevLett.118.111801",
      eprint         = "1612.05014",
      archivePrefix  = "arXiv",
      primaryClass   = "hep-ex",
      reportNumber   = "BELLE-PREPRINT-2016-15, KEK-PREPRINT-2016-54",
      SLACcitation   = "%%CITATION = ARXIV:1612.05014;%%"
}

@article{Aaltonen:2011ja,
      author         = "Aaltonen, T. and others",
      title          = "{Measurements of the angular distributions in the decays
                        \mbox{$B \to K^{(*)} \mu^+ \mu^-$} at CDF}",
      collaboration  = "CDF collaboration",
      journal        = "Phys. Rev. Lett.",
      volume         = "108",
      year           = "2012",
      pages          = "081807",
      doi            = "10.1103/PhysRevLett.108.081807",
      eprint         = "1108.0695",
      archivePrefix  = "arXiv",
      primaryClass   = "hep-ex",
      reportNumber   = "FERMILAB-PUB-11-364-PPD",
      SLACcitation   = "%%CITATION = ARXIV:1108.0695;%%"
}


@article{Khachatryan:2015isa,
      author         = "Khachatryan, Vardan and others",
      title          = "{Angular analysis of the decay \mbox{$B^0 \to K^{*0} \mu^+
                        \mu^-$} from pp collisions at $\sqrt  s = 8$ TeV}",
      collaboration  = "CMS collaboration",
      journal        = "Phys. Lett.",
      volume         = "B753",
      year           = "2016",
      pages          = "424-448",
      doi            = "10.1016/j.physletb.2015.12.020",
      eprint         = "1507.08126",
      archivePrefix  = "arXiv",
      primaryClass   = "hep-ex",
      reportNumber   = "CMS-BPH-13-010, CERN-PH-EP-2015-178",
      SLACcitation   = "%%CITATION = ARXIV:1507.08126;%%"
}

@article{Sirunyan:2017dhj,
      author         = "Sirunyan, Albert M and others",
      title          = "{Measurement of angular parameters from the decay
                        ${B}^0 \to  {K}^{*0} \mu^+ \mu^-$ in
                        proton-proton collisions at $\sqrt{s} = $ 8 TeV}",
      collaboration  = "CMS collaboration",
      journal        = "Phys. Lett.",
      volume         = "B781",
      year           = "2018",
      pages          = "517-541",
      doi            = "10.1016/j.physletb.2018.04.030",
      eprint         = "1710.02846",
      archivePrefix  = "arXiv",
      primaryClass   = "hep-ex",
      reportNumber   = "CMS-BPH-15-008, CERN-EP-2017-240",
      SLACcitation   = "%%CITATION = ARXIV:1710.02846;%%"
}

@article{Davidson:2010ew,
      author         = "Davidson, N. and Przedzinski, T. and Was, Z.",
      title          = "{PHOTOS interface in C++: Technical and physics
                        documentation}",
      journal        = "Comput. Phys. Commun.",
      volume         = "199",
      year           = "2016",
      pages          = "86-101",
      doi            = "10.1016/j.cpc.2015.09.013",
      eprint         = "1011.0937",
      archivePrefix  = "arXiv",
      primaryClass   = "hep-ph",
      reportNumber   = "CERN-PH-TH-2010-261, IFJPAN-IV-2010-6",
      SLACcitation   = "%%CITATION = ARXIV:1011.0937;%%"
}


%% RK-BaBar
@article{PhysRevD.86.032012,
  title = "{Measurement of branching fractions and rate asymmetries in the rare decays $B\ensuremath{\rightarrow}{K}^{(*)}{\ensuremath{\ell}}^{+}{\ensuremath{\ell}}^{\ensuremath{-}}$}",
  author = {Lees, J. P. and others},
  collaboration = {BaBar collaboration},
  journal = {Phys. Rev.},
  volume = {D86},
  issue = {3},
  pages = {032012},
  numpages = {15},
  year = {2012},
  month = {Aug},
  publisher = {American Physical Society},
  doi = {10.1103/PhysRevD.86.032012},
  url = {https://link.aps.org/doi/10.1103/PhysRevD.86.032012}
}

@article{Bobeth:2017vxj,
      author         = "Bobeth, Christoph and Chrzaszcz, Marcin and van Dyk,
                        Danny and Virto, Javier",
      title          = "{Long-distance effects in $B\rightarrow K^*\ell \ell $
                        from analyticity}",
      journal        = "Eur. Phys. J.",
      volume         = "C78",
      year           = "2018",
      number         = "6",
      pages          = "451",
      doi            = "10.1140/epjc/s10052-018-5918-6",
      eprint         = "1707.07305",
      archivePrefix  = "arXiv",
      primaryClass   = "hep-ph",
      reportNumber   = "EOS-2017-01, MIT-CTP-4918, TUM-HEP-1087-17, ZU-TH-17-17",
      SLACcitation   = "%%CITATION = ARXIV:1707.07305;%%"
}

%% BEH Boson papers and SSB taken from 
%% https://www.sciencedirect.com/science/article/pii/S037026931200857X
@article{Englert1964321,
        author={Englert, F. and Brout, R.},
        title={Broken symmetry and the mass of gauge vector mesons},
        journal={Phys. Rev. Lett.},
        year={1964},
        volume={13},
        number={9},
        pages={321-323},
        doi={10.1103/PhysRevLett.13.321},
        url={https://www.scopus.com/inward/record.uri?eid=2-s2.0-0000619642&doi=10.1103%2fPhysRevLett.13.321&partnerID=40&md5=df09708f46cacce9c1e2e4174e65a9a4},
        document_type={Article},
        source={Scopus},
}

@article{HIGGS1964132,
        title = "Broken symmetries, massless particles and gauge fields",
        journal = "Phys. Lett.",
        volume = "12",
        number = "2",
        pages = "132 - 133",
        year = "1964",
        issn = "0031-9163",
        doi = "https://doi.org/10.1016/0031-9163(64)91136-9",
        url = "http://www.sciencedirect.com/science/article/pii/0031916364911369",
        author = "P.W. Higgs"
}

@article{Higgs1964508,
        author={Higgs, P.W.},
        title={Broken symmetries and the masses of gauge bosons},
        journal="Phys. Rev. Lett.",
        year={1964},
        volume={13},
        number={16},
        pages={508-509},
        doi={10.1103/PhysRevLett.13.508},
        url={https://www.scopus.com/inward/record.uri?eid=2-s2.0-33845890179&doi=10.1103%2fPhysRevLett.13.508&partnerID=40&md5=a79f12177d1d41ff28aa5db8cad22bd6},
        document_type={Article},
        source={Scopus},
}

@article{Guralnik1964585,
        author={Guralnik, G.S. and Hagen, C.R. and Kibble, T.W.B.},
        title={Global conservation laws and massless particles},
        journal={Phys. Rev. Lett.},
        year={1964},
        volume={13},
        number={20},
        pages={585-587},
        doi={10.1103/PhysRevLett.13.585},
        url={https://www.scopus.com/inward/record.uri?eid=2-s2.0-4244106649&doi=10.1103%2fPhysRevLett.13.585&partnerID=40&md5=42bf4cd0daeacefb8dee75e0f68e1620},
        document_type={Article},
        source={Scopus},
}


@article{Higgs19661156,
        author={Higgs, P.W.},
        title={Spontaneous symmetry breakdown without massless bosons},
        journal={Phys. Rev.},
        year={1966},
        volume={145},
        number={4},
        pages={1156-1163},
        doi={10.1103/PhysRev.145.1156},
        url={https://www.scopus.com/inward/record.uri?eid=2-s2.0-36049058260&doi=10.1103%2fPhysRev.145.1156&partnerID=40&md5=3a0d21a9af3af184716ddb5ca32b2832},
        document_type={Article},
        source={Scopus},
}

@article{Kibble19671554,
        author={Kibble, T.W.B.},
        title="{Symmetry breaking in non-Abelian gauge theories}",
        journal={Phys. Rev.},
        year={1967},
        volume={155},
        number={5},
        pages={1554-1561},
        doi={10.1103/PhysRev.155.1554},
        url={https://www.scopus.com/inward/record.uri?eid=2-s2.0-36049056789&doi=10.1103%2fPhysRev.155.1554&partnerID=40&md5=4a5a9554b7e3fdbec2e012b5a868a7b7},
        document_type={Article},
        source={Scopus},
}

% Fermion boson coupling
@article{Yukawa:1935xg,
    author = "Yukawa, Hideki",
    title = "{On the interaction of elementary particles I}",
    reportNumber = "PRINT-92-0144",
    doi = "10.1143/PTPS.1.1",
    journal = "Proc. Phys. Math. Soc. Jap.",
    volume = "17",
    pages = "48--57",
    year = "1935"
}

% bbar B+ to K+tautau search
@article{TheBaBar:2016xwe,
    author = "Lees, J. P. and others",
    collaboration = "BaBar collaboration",
    title = "{Search for $B^{+}\rightarrow K^{+} \tau^{+}\tau^{-}$ at the BaBar experiment}",
    eprint = "1605.09637",
    archivePrefix = "arXiv",
    primaryClass = "hep-ex",
    doi = "10.1103/PhysRevLett.118.031802",
    journal = "Phys. Rev. Lett.",
    volume = "118",
    number = "3",
    pages = "031802",
    year = "2017"
}

@article{Aaij:2019vvl,
      author         = "Aaij, Roel and others",
      title          = "{Measurement of the electron reconstruction efficiency at
                        LHCb}",
      collaboration  = "LHCb collaboration",
      journal        = "JINST",
      volume         = "14",
      year           = "2019",
      pages          = "P11023",
      doi            = "10.1088/1748-0221/14/11/P11023",
      eprint         = "1909.02957",
      archivePrefix  = "arXiv",
      primaryClass   = "hep-ex",
      reportNumber   = "LHCb-DP-2019-003, CERN-EP-2019-181",
      SLACcitation   = "%%CITATION = ARXIV:1909.02957;%%"
}

@article{RKbelle,
    author = "Choudhury, S. and others",
    collaboration = "Belle collaboration",
    title = "{Test of lepton flavor universality and search for lepton flavor violation in $B\rightarrow K \ell \ell$ decays}",
    eprint = "1908.01848",
    archivePrefix = "arXiv",
    primaryClass = "hep-ex",
    reportNumber = "Belle-2020-11, KEK-2020-12",
    doi = "https://doi.org/10.1007/JHEP03(2021)105",
    journal = "JHEP",
    volume = "03",
    number = "",
    pages = "105",
    year = "2021"
}

@article{RKbabar,
  title = "{Measurement of branching fractions and rate asymmetries in the rare decays $B\ensuremath{\rightarrow}{K}^{(*)}{\ensuremath{\ell}}^{+}{\ensuremath{\ell}}^{\ensuremath{-}}$}",
  author = {Lees, J. P. and others},
  collaboration = {BaBar collaboration},
  journal = {Phys. Rev.},
  volume = {D86},
  issue = {3},
  pages = {032012},
  numpages = {15},
  year = {2012},
  month = {Aug},
  publisher = {American Physical Society},
  doi = {10.1103/PhysRevD.86.032012},
  url = {https://link.aps.org/doi/10.1103/PhysRevD.86.032012}
}

@article{Bouchard:2013eph,
    author = "Bouchard, Chris and Lepage, G. Peter and Monahan, Christopher and Na, Heechang and Shigemitsu, Junko",
    collaboration = "HPQCD collaboration",
    title = "{Rare decay $B \to K \ell^+ \ell^-$ form factors from lattice QCD}",
    eprint = "1306.2384",
    archivePrefix = "arXiv",
    primaryClass = "hep-lat",
    doi = "10.1103/PhysRevD.88.054509",
    journal = "Phys. Rev.",
    volume = "D88",
    number = "5",
    pages = "054509",
    year = "2013",
    extraPrefix    = "Erratum",
    extraVolume    = "D88",
    extraPages     = "079901",
    extraYear      = "2013",
    extraDoi       = "10.1103/PhysRevD.88.079901",
}
%    note = "[Erratum: Phys.Rev.D 88, 079901 (2013)]"


%
@article{Glashow:1970gm,
    author = "Glashow, S. L. and Iliopoulos, J. and Maiani, L.",
    title = "{Weak interactions with lepton-hadron symmetry}",
    doi = "10.1103/PhysRevD.2.1285",
    journal = "Phys. Rev.",
    volume = "D2",
    pages = "1285--1292",
    year = "1970"
}




%% -----------------------------------
%% New theory papers since last RK
%% ----------------------------------


%% Z' papers
@article{Sheng:2021tom,
    author = "Sheng, Jin-Huan",
    title = "{The analysis of $b \to s \ell^+\ell^-$ in the family non-universal $Z'$ Model}",
    doi = "10.1007/s10773-020-04654-3",
    journal = "Int. J. Theor. Phys.",
    volume = "60",
    number = "1",
    pages = "26--46",
    year = "2021"
}
@article{Allanach:2020kss,
    author = "Allanach, B. C.",
    title = "{$U(1)_{B_3-L_2}$ explanation of the neutral current $B$\ensuremath{-}anomalies}",
    eprint = "2009.02197",
    archivePrefix = "arXiv",
    primaryClass = "hep-ph",
    doi = "10.1140/epjc/s10052-021-08855-w",
    journal = "Eur. Phys. J.",
    volume = "C81",
    number = "1",
    pages = "56",
    year = "2021"
}
@article{Borah:2020swo,
    author = "Borah, Debasish and Mukherjee, Lopamudra and Nandi, Soumitra",
    title = "{Low scale U(1)$_{X}$ gauge symmetry as an origin of dark matter, neutrino mass and flavour anomalies}",
    eprint = "2007.13778",
    archivePrefix = "arXiv",
    primaryClass = "hep-ph",
    doi = "10.1007/JHEP12(2020)052",
    journal = "JHEP",
    volume = "12",
    pages = "052",
    year = "2020"
}
@article{Karozas:2020zvv,
    author = "Karozas, A. and Leontaris, G. K. and Tavellaris, I. and Vlachos, N. D.",
    title = "{On the LHC signatures of $SU(5)\times U(1)'$ F-theory motivated models}",
    eprint = "2007.05936",
    archivePrefix = "arXiv",
    primaryClass = "hep-ph",
    doi = "10.1140/epjc/s10052-020-08794-y",
    journal = "Eur. Phys. J.",
    volume = "C81",
    number = "1",
    pages = "35",
    year = "2021"
}
@article{Carvunis:2020exc,
    author = "Carvunis, Alexandre and Guadagnoli, Diego and Reboud, M\'eril and Stangl, Peter",
    title = "{Composite dark matter and a horizontal symmetry}",
    eprint = "2007.11931",
    archivePrefix = "arXiv",
    primaryClass = "hep-ph",
    reportNumber = "LAPTH-036/20",
    doi = "10.1007/JHEP02(2021)056",
    journal = "JHEP",
    volume = "02",
    pages = "056",
    year = "2021"
}
@article{Chen:2020szf,
    author = "Chen, Shao-Long and Dutta Banik, Amit and Kang, Zhaofeng and Qin, Qin and Shigekami, Yoshihiro",
    title = "{Signatures of a flavor changing $Z'$ boson in $B_q \to \gamma Z'$}",
    eprint = "2006.03383",
    archivePrefix = "arXiv",
    primaryClass = "hep-ph",
    doi = "10.1016/j.nuclphysb.2020.115237",
    journal = "Nucl. Phys.",
    volume = "B962",
    pages = "115237",
    year = "2021"
}
@article{Capdevila:2020rrl,
    author = "Capdevila, Bernat and Crivellin, Andreas and Manzari, Claudio Andrea and Montull, Marc",
    title = "{Explaining $b\to s\ell^+\ell^-$ and the Cabibbo angle anomaly with a vector triplet}",
    eprint = "2005.13542",
    archivePrefix = "arXiv",
    primaryClass = "hep-ph",
    reportNumber = "PSI-PR-20-07, ZU-TH 19/20",
    doi = "10.1103/PhysRevD.103.015032",
    journal = "Phys. Rev.",
    volume = "D103",
    number = "1",
    pages = "015032",
    year = "2021"
}
% The one below is only diagonally relevant
@article{Kang:2020fmu,
    author = "Frampton, Paul H. and Kang, Sin Kyu and Kim, Jihn E. and Nam, Soonkeon",
    title = "{$L_{\mu}-L_{\tau}$ effects to quarks and leptons from flavor unification}",
    eprint = "2004.08234",
    archivePrefix = "arXiv",
    primaryClass = "hep-ph",
    doi = "10.1103/PhysRevD.102.013005",
    journal = "Phys. Rev.",
    volume = "D102",
    number = "1",
    pages = "013005",
    year = "2020"
}
@article{Altmannshofer:2019xda,
    author = "Altmannshofer, Wolfgang and Davighi, Joe and Nardecchia, Marco",
    title = "{Gauging the accidental symmetries of the Standard Model, and implications for the flavor anomalies}",
    eprint = "1909.02021",
    archivePrefix = "arXiv",
    primaryClass = "hep-ph",
    doi = "10.1103/PhysRevD.101.015004",
    journal = "Phys. Rev.",
    volume = "D101",
    number = "1",
    pages = "015004",
    year = "2020"
}
@article{Han:2019diw,
    author = "Han, Zhi-Long and Ding, Ran and Lin, Su-Jie and Zhu, Bin",
    title = "{Gauged $U(1)_{L_\mu -L_\tau }$ scotogenic model in light of $R_{K^{(*)}}$ anomaly and AMS-02 positron excess}",
    eprint = "1908.07192",
    archivePrefix = "arXiv",
    primaryClass = "hep-ph",
    doi = "10.1140/epjc/s10052-019-7526-5",
    journal = "Eur. Phys. J.",
    volume = "C79",
    number = "12",
    pages = "1007",
    year = "2019"
}
@article{Dwivedi:2019uqd,
    author = "Dwivedi, Siddharth and Kumar Ghosh, Dilip and Falkowski, Adam and Ghosh, Nivedita",
    title = "{Associated $Z^\prime$ production in the flavorful $U(1)$ scenario for $R_{K^{(*)}}$}",
    eprint = "1908.03031",
    archivePrefix = "arXiv",
    primaryClass = "hep-ph",
    doi = "10.1140/epjc/s10052-020-7810-4",
    journal = "Eur. Phys. J.",
    volume = "C80",
    number = "3",
    pages = "263",
    year = "2020"
}
@article{Kawamura:2019rth,
    author = "Kawamura, Junichiro and Raby, Stuart and Trautner, Andreas",
    title = "{Complete vectorlike fourth family and new U(1)' for muon anomalies}",
    eprint = "1906.11297",
    archivePrefix = "arXiv",
    primaryClass = "hep-ph",
    doi = "10.1103/PhysRevD.100.055030",
    journal = "Phys. Rev.",
    volume = "D100",
    number = "5",
    pages = "055030",
    year = "2019"
}
@article{Allanach:2019iiy,
    author = "Allanach, B. C. and Davighi, Joe",
    title = "{Naturalising the third family hypercharge model for neutral current $B$-anomalies}",
    eprint = "1905.10327",
    archivePrefix = "arXiv",
    primaryClass = "hep-ph",
    doi = "10.1140/epjc/s10052-019-7414-z",
    journal = "Eur. Phys. J.",
    volume = "C79",
    number = "11",
    pages = "908",
    year = "2019"
}
@article{Allanach:2019mfl,
    author = "Allanach, B. C. and Butterworth, J. M. and Corbett, Tyler",
    title = "{Collider constraints on $Z^{\prime}$ models for neutral current B-anomalies}",
    eprint = "1904.10954",
    archivePrefix = "arXiv",
    primaryClass = "hep-ph",
    reportNumber = "MCnet-19-08",
    doi = "10.1007/JHEP08(2019)106",
    journal = "JHEP",
    volume = "08",
    pages = "106",
    year = "2019"
}



%% New Lepto-quark papers
@article{Davighi:2020qqa,
    author = "Davighi, Joe and Kirk, Matthew and Nardecchia, Marco",
    title = "{Anomalies and accidental symmetries: charging the scalar leptoquark under L$_{\mu}$ \ensuremath{-} L$_{\tau}$}",
    eprint = "2007.15016",
    archivePrefix = "arXiv",
    primaryClass = "hep-ph",
    doi = "10.1007/JHEP12(2020)111",
    journal = "JHEP",
    volume = "12",
    pages = "111",
    year = "2020"
}
@article{Fornal:2020ngq,
    author = "Fornal, Bartosz",
    title = "{Gravitational wave signatures of lepton universality violation}",
    eprint = "2006.08802",
    archivePrefix = "arXiv",
    primaryClass = "hep-ph",
    doi = "10.1103/PhysRevD.103.015018",
    journal = "Phys. Rev.",
    volume = "D103",
    number = "1",
    pages = "015018",
    year = "2021"
}
@article{Dev:2020qet,
    author = "Bhupal Dev, P. S. and Mohanta, Rukmani and Patra, Sudhanwa and Sahoo, Suchismita",
    title = "{Unified explanation of flavor anomalies, radiative neutrino masses, and ANITA anomalous events in a vector leptoquark model}",
    eprint = "2004.09464",
    archivePrefix = "arXiv",
    primaryClass = "hep-ph",
    doi = "10.1103/PhysRevD.102.095012",
    journal = "Phys. Rev.",
    volume = "D102",
    number = "9",
    pages = "095012",
    year = "2020"
}
@article{Fuentes-Martin:2020bnh,
    author = "Fuentes-Mart\'\i{}n, Javier and Stangl, Peter",
    title = "{Third-family quark-lepton unification with a fundamental composite Higgs}",
    eprint = "2004.11376",
    archivePrefix = "arXiv",
    primaryClass = "hep-ph",
    reportNumber = "ZU-TH-08/20, LAPTH-014/20",
    doi = "10.1016/j.physletb.2020.135953",
    journal = "Phys. Lett.",
    volume = "B811",
    pages = "135953",
    year = "2020"
}
@article{Saad:2020ihm,
    author = "Saad, Shaikh",
    title = "{Combined explanations of $(g-2)_{\mu}$, $R_{D^{(*)}}$, $R_{K^{(*)}}$ anomalies in a two-loop radiative neutrino mass model}",
    eprint = "2005.04352",
    archivePrefix = "arXiv",
    primaryClass = "hep-ph",
    reportNumber = "OSU-HEP-20-04",
    doi = "10.1103/PhysRevD.102.015019",
    journal = "Phys. Rev.",
    volume = "D102",
    number = "1",
    pages = "015019",
    year = "2020"
}
@article{Borschensky:2020hot,
    author = {Borschensky, Christoph and Fuks, Benjamin and Kulesza, Anna and Schwartl\"ander, Daniel},
    title = "{Scalar leptoquark pair production at hadron colliders}",
    eprint = "2002.08971",
    archivePrefix = "arXiv",
    primaryClass = "hep-ph",
    reportNumber = "MS-TP-20-09",
    doi = "10.1103/PhysRevD.101.115017",
    journal = "Phys. Rev.",
    volume = "D101",
    number = "11",
    pages = "115017",
    year = "2020"
}
% Hmm not sure...
@article{Altmannshofer:2020ywf,
    author = "Altmannshofer, Wolfgang and Gori, Stefania and Patel, Hiren H. and Profumo, Stefano and Tuckler, Douglas",
    title = "{Electric dipole moments in a leptoquark scenario for the $B$-physics anomalies}",
    eprint = "2002.01400",
    archivePrefix = "arXiv",
    primaryClass = "hep-ph",
    reportNumber = "FERMILAB-PUB-20-316-SCD",
    doi = "10.1007/JHEP05(2020)069",
    journal = "JHEP",
    volume = "05",
    pages = "069",
    year = "2020"
}
@article{Crivellin:2019dwb,
    author = {Crivellin, Andreas and M\"uller, Dario and Saturnino, Francesco},
    title = "{Flavor phenomenology of the leptoquark singlet-triplet model}",
    eprint = "1912.04224",
    archivePrefix = "arXiv",
    primaryClass = "hep-ph",
    reportNumber = "PSI-PR-19-25, ZU-TH 52/19",
    doi = "10.1007/JHEP06(2020)020",
    journal = "JHEP",
    volume = "06",
    pages = "020",
    year = "2020"
}
@article{Datta:2019bzu,
    author = "Datta, Alakabha and Feng, Jonathan L. and Kamali, Saeed and Kumar, Jacky",
    title = "{Resolving the $(g-2)_{\mu}$ and $B$ anomalies with leptoquarks and a dark Higgs boson}",
    eprint = "1908.08625",
    archivePrefix = "arXiv",
    primaryClass = "hep-ph",
    reportNumber = "UCI-TR-2019-10, UMISS-HEP-2019-02",
    doi = "10.1103/PhysRevD.101.035010",
    journal = "Phys. Rev.",
    volume = "D101",
    number = "3",
    pages = "035010",
    year = "2020"
}
@article{Hati:2019ufv,
    author = "Hati, C. and Kriewald, J. and Orloff, J. and Teixeira, A. M.",
    title = "{A non-unitary interpretation for a single vector leptoquark combined explanation to the $B$-decay anomalies}",
    eprint = "1907.05511",
    archivePrefix = "arXiv",
    primaryClass = "hep-ph",
    doi = "10.1007/JHEP12(2019)006",
    journal = "JHEP",
    volume = "12",
    pages = "006",
    year = "2019"
}
@article{Fuentes-Martin:2019bue,
    author = "Fuentes-Mart\'\i{}n, Javier and Reig, Mario and Vicente, Avelino",
    title = "{Strong $CP$ problem with low-energy emergent QCD: The 4321 case}",
    eprint = "1907.02550",
    archivePrefix = "arXiv",
    primaryClass = "hep-ph",
    reportNumber = "ZU-TH-36/19, IFIC/19-31",
    doi = "10.1103/PhysRevD.100.115028",
    journal = "Phys. Rev.",
    volume = "D100",
    number = "11",
    pages = "115028",
    year = "2019"
}
@article{DaRold:2019fiw,
    author = "Da Rold, Leandro and Lamagna, Federico",
    title = "{A vector leptoquark for the $B$-physics anomalies from a composite GUT}",
    eprint = "1906.11666",
    archivePrefix = "arXiv",
    primaryClass = "hep-ph",
    doi = "10.1007/JHEP12(2019)112",
    journal = "JHEP",
    volume = "12",
    pages = "112",
    year = "2019"
}
@article{Bernigaud:2019bfy,
    author = "Bernigaud, Jordan and de Medeiros Varzielas, Ivo and Talbert, Jim",
    title = "{Finite family groups for fermionic and leptoquark mixing patterns}",
    eprint = "1906.11270",
    archivePrefix = "arXiv",
    primaryClass = "hep-ph",
    reportNumber = "LAPTH-033/19, DESY-19-091, DESY 19-091",
    doi = "10.1007/JHEP01(2020)194",
    journal = "JHEP",
    volume = "01",
    pages = "194",
    year = "2020"
}
@article{Bigaran:2019bqv,
    author = "Bigaran, Innes and Gargalionis, John and Volkas, Raymond R.",
    title = "{A near-minimal leptoquark model for reconciling flavour anomalies and generating radiative neutrino masses}",
    eprint = "1906.01870",
    archivePrefix = "arXiv",
    primaryClass = "hep-ph",
    doi = "10.1007/JHEP10(2019)106",
    journal = "JHEP",
    volume = "10",
    pages = "106",
    year = "2019"
}
@article{Popov:2019tyc,
    author = "Popov, Oleg and Schmidt, Michael A. and White, Graham",
    title = "{$R_2$ as a single leptoquark solution to $R_{D^{(*)}}$ and $R_{K^{(*)}}$}",
    eprint = "1905.06339",
    archivePrefix = "arXiv",
    primaryClass = "hep-ph",
    doi = "10.1103/PhysRevD.100.035028",
    journal = "Phys. Rev.",
    volume = "D100",
    number = "3",
    pages = "035028",
    year = "2019"
}
@article{Datta:2019tuj,
    author = "Datta, Alakabha and Sachdeva, Divya and Waite, John",
    title = "{Unified explanation of $b \to s \mu^+ \mu^-$ anomalies, neutrino masses, and $B\rightarrow \pi K$ puzzle}",
    eprint = "1905.04046",
    archivePrefix = "arXiv",
    primaryClass = "hep-ph",
    reportNumber = "UMISS-HEP-2019-01",
    doi = "10.1103/PhysRevD.100.055015",
    journal = "Phys. Rev.",
    volume = "D100",
    number = "5",
    pages = "055015",
    year = "2019"
}
@article{Cornella:2019hct,
    author = "Cornella, Claudia and Fuentes-Martin, Javier and Isidori, Gino",
    title = "{Revisiting the vector leptoquark explanation of the B-physics anomalies}",
    eprint = "1903.11517",
    archivePrefix = "arXiv",
    primaryClass = "hep-ph",
    reportNumber = "ZU-TH-15-19",
    doi = "10.1007/JHEP07(2019)168",
    journal = "JHEP",
    volume = "07",
    pages = "168",
    year = "2019"
}
% The one below is only diagonally relevant
@article{Crivellin:2020ukd,
    author = {Crivellin, Andreas and M\"uller, Dario and Saturnino, Francesco},
    title = "{Leptoquarks in oblique corrections and Higgs signal strength: status and prospects}",
    eprint = "2006.10758",
    archivePrefix = "arXiv",
    primaryClass = "hep-ph",
    reportNumber = "PSI-PR-20-08, ZU-TH 20/20",
    doi = "10.1007/JHEP11(2020)094",
    journal = "JHEP",
    volume = "11",
    pages = "094",
    year = "2020"
}
@article{Balaji:2019kwe,
    author = "Balaji, Shyam and Schmidt, Michael A.",
    title = "{Unified SU(4) theory for the $R_{D^{(*)}}$ and $R_{K^{(*)}}$ anomalies}",
    eprint = "1911.08873",
    archivePrefix = "arXiv",
    primaryClass = "hep-ph",
    doi = "10.1103/PhysRevD.101.015026",
    journal = "Phys. Rev.",
    volume = "D101",
    number = "1",
    pages = "015026",
    year = "2020"
}



%% Other new physics models
% SUSY
@article{Bednyakov:2021fof,
    author = "Bednyakov, Alexander and Mukhaeva, Alfiia",
    title = "{Flavour anomalies in a $U(1)$ SUSY extension of the SM}",
    doi = "10.3390/sym13020191",
    journal = "Symmetry",
    volume = "13",
    number = "2",
    pages = "191",
    year = "2021"
}
% SUSY
@article{Altmannshofer:2020axr,
    author = "Altmannshofer, Wolfgang and Dev, P. S. Bhupal and Soni, Amarjit and Sui, Yicong",
    title = "{Addressing R$_{D^{(*)}}$, R$_{K^{(*)}}$, muon $g-2$ and ANITA anomalies in a minimal $R$-parity violating supersymmetric framework}",
    eprint = "2002.12910",
    archivePrefix = "arXiv",
    primaryClass = "hep-ph",
    doi = "10.1103/PhysRevD.102.015031",
    journal = "Phys. Rev.",
    volume = "D102",
    number = "1",
    pages = "015031",
    year = "2020"
}
%SUSY
@article{Hu:2020yvs,
    author = "Hu, Quan-Yi and Yang, Ya-Dong and Zheng, Min-Di",
    title = "{Revisiting the $B$-physics anomalies in $R$-parity violating MSSM}",
    eprint = "2002.09875",
    archivePrefix = "arXiv",
    primaryClass = "hep-ph",
    doi = "10.1140/epjc/s10052-020-7940-8",
    journal = "Eur. Phys. J.",
    volume = "C80",
    number = "5",
    pages = "365",
    year = "2020"
}
%SUSY
@article{Hu:2019ahp,
    author = "Hu, Quan-Yi and Huang, Lin-Lin",
    title = "{Explaining $b\to s \ell^+ \ell^-$ data by sneutrinos in the $R$-parity violating MSSM}",
    eprint = "1912.03676",
    archivePrefix = "arXiv",
    primaryClass = "hep-ph",
    doi = "10.1103/PhysRevD.101.035030",
    journal = "Phys. Rev.",
    volume = "D101",
    number = "3",
    pages = "035030",
    year = "2020"
}
%Split dark sector (light particles)
@article{Darme:2020hpo,
    author = "Darm\'e, Luc and Fedele, Marco and Kowalska, Kamila and Sessolo, Enrico Maria",
    title = "{Flavour anomalies from a split dark sector}",
    eprint = "2002.11150",
    archivePrefix = "arXiv",
    primaryClass = "hep-ph",
    doi = "10.1007/JHEP08(2020)148",
    journal = "JHEP",
    volume = "08",
    pages = "148",
    year = "2020"
}
% Extended Higgs sector
@article{Marzo:2019ldg,
    author = "Marzo, Carlo and Marzola, Luca and Raidal, Martti",
    title = "{Common explanation to the $R_{K^{(*)}}$, $R_{D^{(*)}}$ and $\epsilon^\prime/\epsilon$ anomalies in a 3HDM+$\nu_R$ and connections to neutrino physics}",
    eprint = "1901.08290",
    archivePrefix = "arXiv",
    primaryClass = "hep-ph",
    doi = "10.1103/PhysRevD.100.055031",
    journal = "Phys. Rev.",
    volume = "D100",
    number = "5",
    pages = "055031",
    year = "2019"
}
% Extended Higgs sector + DM
@article{Barman:2018jhz,
    author = "Barman, Basabendu and Borah, Debasish and Mukherjee, Lopamudra and Nandi, Soumitra",
    title = "{Correlating the anomalous results in $b \to s$ decays with inert Higgs doublet dark matter and muon $(g-2)$}",
    eprint = "1808.06639",
    archivePrefix = "arXiv",
    primaryClass = "hep-ph",
    doi = "10.1103/PhysRevD.100.115010",
    journal = "Phys. Rev.",
    volume = "D100",
    number = "11",
    pages = "115010",
    year = "2019"
}
% Extended Higgs sector + gauged U(1)
@article{Ordell:2019zws,
    author = "Ordell, Astrid and Pasechnik, Roman and Ser\^odio, Hugo and Nottensteiner, Franz",
    title = "{Classification of anomaly-free 2HDMs with a gauged U(1)' symmetry}",
    eprint = "1909.05548",
    archivePrefix = "arXiv",
    primaryClass = "hep-ph",
    reportNumber = "LU TP 19-42",
    doi = "10.1103/PhysRevD.100.115038",
    journal = "Phys. Rev.",
    volume = "D100",
    number = "11",
    pages = "115038",
    year = "2019"
}
% Extended Higgs sector+RH neutrinos
@article{DelleRose:2019ukt,
    author = "Delle Rose, Luigi and Khalil, Shaaban and King, Simon J. D. and Moretti, Stefano",
    title = "{$R_K$ and $R_{K^*}$ in an aligned 2HDM with right-handed neutrinos}",
    eprint = "1903.11146",
    archivePrefix = "arXiv",
    primaryClass = "hep-ph",
    doi = "10.1103/PhysRevD.101.115009",
    journal = "Phys. Rev.",
    volume = "D101",
    number = "11",
    pages = "115009",
    year = "2020"
}
% SUSY
@article{Trifinopoulos:2019lyo,
    author = "Trifinopoulos, Sokratis",
    title = "{B-physics anomalies: The bridge between \mbox{R-parity} violating supersymmetry and flavored dark matter}",
    eprint = "1904.12940",
    archivePrefix = "arXiv",
    primaryClass = "hep-ph",
    doi = "10.1103/PhysRevD.100.115022",
    journal = "Phys. Rev.",
    volume = "D100",
    number = "11",
    pages = "115022",
    year = "2019"
}
% 4th Generation Model (exclude as does not fit narrative whatvs...)
@article{Arnan:2019uhr,
    author = "Arnan, Pere and Crivellin, Andreas and Fedele, Marco and Mescia, Federico",
    title = "{Generic loop effects of new scalars and fermions in $b\to s\ell^+\ell^-$ and a vector-like $4^{\rm th}$ generation}",
    eprint = "1904.05890",
    archivePrefix = "arXiv",
    primaryClass = "hep-ph",
    reportNumber = "PSI-PR-19-05, ZU-TH-18/19",
    doi = "10.1007/JHEP06(2019)118",
    journal = "JHEP",
    volume = "06",
    pages = "118",
    year = "2019"
}
% Universal Extra Dimension
@article{Shaw:2019fin,
    author = "Shaw, Avirup",
    title = "{Looking for $B\rightarrow X_s \ell^+\ell^-$ in a nonminimal universal extra dimensional model}",
    eprint = "1903.10302",
    archivePrefix = "arXiv",
    primaryClass = "hep-ph",
    doi = "10.1103/PhysRevD.99.115030",
    journal = "Phys. Rev.",
    volume = "D99",
    number = "11",
    pages = "115030",
    year = "2019"
}

%% New QED calculations
@article{Isidori:2020acz,
    author = "Isidori, Gino and Nabeebaccus, Saad and Zwicky, Roman",
    title = "{QED corrections in $ \overline{B}\to \overline{K}{\mathrm{\ell}}^{+}{\mathrm{\ell}}^{-} $ at the double-differential level}",
    eprint = "2009.00929",
    archivePrefix = "arXiv",
    primaryClass = "hep-ph",
    reportNumber = "CP3-Origins-2020-07, DNRF90, ZU-TH 30/20",
    doi = "10.1007/JHEP12(2020)104",
    journal = "JHEP",
    volume = "12",
    pages = "104",
    year = "2020"
}


%% New global-fit papers

% Does not include RK or RK*...
@article{Ciuchini:2020gvn,
    author = "Ciuchini, Marco and Fedele, Marco and Franco, Enrico and Paul, Ayan and Silvestrini, Luca and Valli, Mauro",
    title = "{Lessons from the $B^{0,+}\to K^{*0,+}\mu^+\mu^-$ angular analyses}",
    eprint = "2011.01212",
    archivePrefix = "arXiv",
    primaryClass = "hep-ph",
    reportNumber = "DESY 20-190, DESY-20-190, HU-EP-20/30, HU 20/30, TTP20-037, P3H-20-064, UCI-TR 2020-18",
    doi = "10.1103/PhysRevD.103.015030",
    journal = "Phys. Rev.",
    volume = "D103",
    number = "1",
    pages = "015030",
    year = "2021"
}
@article{Kowalska:2019ley,
    author = "Kowalska, Kamila and Kumar, Dinesh and Sessolo, Enrico Maria",
    title = "{Implications for new physics in $b\rightarrow s \mu \mu $ transitions after recent measurements by Belle and LHCb}",
    eprint = "1903.10932",
    archivePrefix = "arXiv",
    primaryClass = "hep-ph",
    doi = "10.1140/epjc/s10052-019-7330-2",
    journal = "Eur. Phys. J.",
    volume = "C79",
    number = "10",
    pages = "840",
    year = "2019"
}
@article{Alguero:2019ptt,
    author = "Alguer\'o, Marcel and Capdevila, Bernat and Crivellin, Andreas and Descotes-Genon, S\'ebastien and Masjuan, Pere and Matias, Joaquim and Novoa Brunet, Mart\'\i{}n and Virto, Javier",
    title = "{Emerging patterns of new physics with and without lepton flavour universal contributions}",
    eprint = "1903.09578",
    archivePrefix = "arXiv",
    primaryClass = "hep-ph",
    reportNumber = "PSI-PR-19-04, ZH-TH-14/19, TUM-HEP-1192/19, MIT-CTP/5107,
  LPT-Orsay-19-11",
    doi = "10.1140/epjc/s10052-019-7216-3",
    journal = "Eur. Phys. J.",
    volume = "C79",
    number = "8",
    pages = "714",
    year = "2019",
    note = "[Addendum: Eur.Phys.J.C 80, 511 (2020)]"
}
@article{Hurth:2020rzx,
    author = "Hurth, T. and Mahmoudi, F. and Neshatpour, S.",
    title = "{Implications of the new LHCb angular analysis of $B \to K^* \mu^+ \mu^-$ : Hadronic effects or new physics?}",
    eprint = "2006.04213",
    archivePrefix = "arXiv",
    primaryClass = "hep-ph",
    reportNumber = "CERN-TH-2020-093, MITP/20-030",
    doi = "10.1103/PhysRevD.102.055001",
    journal = "Phys. Rev.",
    volume = "D102",
    number = "5",
    pages = "055001",
    year = "2020"
}
@article{Ciuchini:2019usw,
    author = "Ciuchini, Marco and Coutinho, Ant\'onio M. and Fedele, Marco and Franco, Enrico and Paul, Ayan and Silvestrini, Luca and Valli, Mauro",
    title = "{New Physics in $b \to s \ell^+ \ell^-$ confronts new data on lepton universality}",
    eprint = "1903.09632",
    archivePrefix = "arXiv",
    primaryClass = "hep-ph",
    reportNumber = "CERN-TH-2019-033, DESY-19-043, DESY 19-043, UCI-TR-2019-07, UCI-TR-2019-0",
    doi = "10.1140/epjc/s10052-019-7210-9",
    journal = "Eur. Phys. J.",
    volume = "C79",
    number = "8",
    pages = "719",
    year = "2019"
}
@article{Aebischer:2019mlg,
    author = "Aebischer, Jason and Altmannshofer, Wolfgang and Guadagnoli, Diego and Reboud, M\'eril and Stangl, Peter and Straub, David M.",
    title = "{$B$-decay discrepancies after Moriond 2019}",
    eprint = "1903.10434",
    archivePrefix = "arXiv",
    primaryClass = "hep-ph",
    doi = "10.1140/epjc/s10052-020-7817-x",
    journal = "Eur. Phys. J.",
    volume = "C80",
    number = "3",
    pages = "252",
    year = "2020"
}
@article{Alok:2019ufo,
    author = "Alok, Ashutosh Kumar and Dighe, Amol and Gangal, Shireen and Kumar, Dinesh",
    title = "{Continuing search for new physics in $b \to s \mu \mu$ decays: two operators at a time}",
    eprint = "1903.09617",
    archivePrefix = "arXiv",
    primaryClass = "hep-ph",
    reportNumber = "TIFR/TH/19-6",
    doi = "10.1007/JHEP06(2019)089",
    journal = "JHEP",
    volume = "06",
    pages = "089",
    year = "2019"
}




%%%%%%%%%%%
@article{Kou:2018nap,
    author = "Altmannshofer, W. and others",
    editor = "Kou, E. and Urquijo, P.",
    collaboration = "Belle-II collaboration",
    title = "{The Belle II physics book}",
    eprint = "1808.10567",
    archivePrefix = "arXiv",
    primaryClass = "hep-ex",
    reportNumber = "KEK Preprint 2018-27, BELLE2-PUB-PH-2018-001, FERMILAB-PUB-18-398-T, JLAB-THY-18-2780, INT-PUB-18-047, UWThPh 2018-26",
    doi = "10.1093/ptep/ptz106",
    journal = "PTEP",
    volume = "2019",
    number = "12",
    pages = "123C01",
    year = "2019",
    extraPrefix    = "Erratum",
      extraVolume    = "2020",
      extraPages     = "029201",
      extraYear      = "2020",
      extraDoi       = "doi.org/10.1093/ptep/ptaa008"
}
