% Correct Bibtex entries are best obtained by cut-and-paste from 
% Spires or Inspire. 
% - They might still need some editing of Latex symbols in 
%   the titles. 
% - Page ranges should in many cases be shortened to just 
%   having the start page.
% - Collaborations might need to be added or indeed just the word 
%   "collaboration" put after them.

% Below are a set of standard references to use for LHCb.

% The LHCb detector paper
@article{Alves:2008zz,
      author         = "Alves~Jr., A. A. and others",
      title          = "{The \lhcb detector at the LHC}",
      collaboration  = "LHCb collaboration",
      journal        = "JINST",
      volume         = "3",
      pages          = "S08005",
      doi            = "10.1088/1748-0221/3/08/S08005",
      year           = "2008",
}

% The HLT1 in 2010 data
@lhcbreport{LHCb-PUB-2011-003,
      author       = "Gligorov, Vladimir V",
      title        = "{A single track HLT1 trigger}",
      number       = "LHCb-PUB-2011-003",
}  

% The trigger conditions for Run 1
@lhcbreport{LHCb-PUB-2014-046,
      author       = "Puig, Albert",
      title        = "{The LHCb trigger in 2011 and 2012}",
      number       = "LHCb-PUB-2014-046",
      note         = "do not cite this note in a paper. Its purpoe is to document the trigger for data preservation."
}  

% LHCb Topological Trigger Reoptimization - Run 2
@article{LHCb-PROC-2015-018,
      author        = "Likhomanenko, T. and others",
      title         = "{LHCb topological trigger reoptimization}",
      journal       = "J. Phys. Conf. Ser.",
      volume        = "664",
      pages         = "082025",
      doi           = "10.1088/1742-6596/664/8/082025",
      month         = "Oct",
      year          = "2015",
      reportNumber  = "LHCb-PROC-2015-018",
}

% PID performance
@article{LHCb-PROC-2011-008,
      author         = "Powell, A. and others",
      title          = "{Particle identification at LHCb}",
      journal        = "PoS",
      volume         = "ICHEP2010",
      pages          = "020",
      year           = "2010",
      note           = "\href{https://cdsweb.cern.ch/record/1322666?ln=en}{LHCb-PROC-2011-008}",
}

% The LHCb simulation
@article{LHCb-PROC-2011-006,
  author="Clemencic, M and others",
  title="{The \lhcb simulation application, Gauss: Design, evolution and experience}",
  journal="J. Phys. Conf. Ser.",
  volume={331},
  pages={032023},
  doi={10.1088/1742-6596/331/3/032023},
  year={2011},
}

% Pythia tuning
@article{LHCb-PROC-2010-056,
      author         = "Belyaev, I. and others",
      title          = "{Handling of the generation of primary events
                         in Gauss, the LHCb simulation framework}",
      journal="J. Phys. Conf. Ser.",
      volume={331},
      pages={032047},
      doi={10.1088/1742-6596/331/3/032047},
      year={2011},
}

% Pythia tuning
@article{LHCb-PROC-2010-056_OLD,
      author         = "Belyaev, I. and others",
      title          = "{Handling of the generation of primary events
in Gauss, the LHCb simulation framework}",
      journal        = "Nuclear Science Symposium Conference Record
(NSS/MIC)",
      volume         = "IEEE",
      pages          = "1155",
      year           = "2010",
      doi            = "10.1109/NSSMIC.2010.5873949",
}

% The PDG 2018 version
@article{PDG2018,
     author    = "Tanabashi, M. and others",
 collaboration = "Particle Data Group",
     title     = "{\href{http://pdg.lbl.gov/}{Review of particle physics}}",
     journal   = "Phys. Rev.",
     volume    = "D98",
     year      = "2018",
     pages     = "030001",
     doi       = "10.1103/PhysRevD.98.030001", 
}

@article{PDG2020,
     author    = "Zyla, P. A. and others",
 collaboration = "Particle Data Group",
     title     = "{\href{http://pdg.lbl.gov/}{Review of particle physics}}",
     journal   = "Prog. Theor. Exp. Phys.",
     volume = {2020},
     number = {8},
     year      = "2020",
     pages     = "083C01",
     doi       = "10.1093/ptep/ptaa104",
} 

% The PDG 2017 version (PDG 2016 + 2017 updates announced 31-May-17)
% Is no longer available online.
@article{PDG2017:DoNotUse,
     author    = "Patrignani, C. and others",
 collaboration = "Particle Data Group",
     title     = "{\href{http://pdg.lbl.gov/}{Review of particle physics}}",
     journal   = "Chin. Phys.",
     volume    = "C40",
     year      = "2016",
     pages     = "100001",
     doi       = "10.1088/1674-1137/40/10/100001",
     note      = "and {\href{http://pdglive.lbl.gov/}{2017 update}}",
}

% The PDG 2016 version
@article{PDG2016,
     author    = "Patrignani, C. and others",
 collaboration = "Particle Data Group",
     title     = "{\href{http://pdg.lbl.gov/}{Review of particle physics}}",
     journal   = "Chin. Phys.",
     volume    = "C40",
     year      = "2016",
     pages     = "100001",
     doi       = "10.1088/1674-1137/40/10/100001",
}

% The PDG 2014 version
@article{PDG2014,
     author    = "Olive, K. A. and others",
 collaboration = "Particle Data Group",
     title     = "{\href{http://pdg.lbl.gov/}{Review of particle physics}}",
     journal   = "Chin. Phys.",
     volume    = "C38",
     year      = "2014",
     pages     = "090001",
     doi       = "10.1088/1674-1137/38/9/090001",
}

% The PDG 2012 version
@article{PDG2012,
     author    = "Beringer, J. and others",
 collaboration = "Particle Data Group",
     title     = "{\href{http://pdg.lbl.gov/}{Review of particle physics}}",
     journal   = "Phys. Rev.",
     volume    = "D86",
     year      = "2012",
     pages     = "010001",
     doi       = "10.1103/PhysRevD.86.010001",
     note      = "{and 2013 partial update for the 2014 edition}",
}

% HFLAV
@article{HFLAV16,
      author         = "Amhis, Y. and others",
      collaboration  = "Heavy Flavor Averaging Group",
      title          = "{Averages of $b$-hadron, $c$-hadron, and $\tau$-lepton
                        properties as of summer 2016}",
      journal        = "Eur. Phys. J.",
      volume         = "C77",
      pages          = "895",
      doi            = "10.1140/epjc/s10052-017-5058-4",
      year           = "2017",
      eprint         = "1612.07233",
      archivePrefix  = "arXiv",
      primaryClass   = "hep-ex",
      reportNumber   = "FERMILAB-PUB-16-611-ND",
      note           = "{updated results and plots available at \href{https://hflav.web.cern.ch}{{\texttt{https://hflav.web.cern.ch}}}}",
}

% HFAG pre-2016
@article{Amhis:2014hma,
      author         = "Amhis, Y. and others",
      title          = "{Averages of $b$-hadron, $c$-hadron, and $\tau$-lepton
                        properties as of summer 2014}",
      collaboration  = "Heavy Flavor Averaging Group",
      year           = "2014",
      eprint         = "1412.7515",
      archivePrefix  = "arXiv",
      primaryClass   = "hep-ex",
      reportNumber   = "FERMILAB-PUB-15-004-PPD",
}

% Pythia 6.4
@article{Sjostrand:2006za,
      author         = {Sj\"{o}strand, Torbj\"{o}rn and Mrenna, Stephen and 
                       Skands, Peter"},
      title          = "{PYTHIA 6.4 physics and manual}",
      journal        = "JHEP",
      volume         = "05",
      pages          = "026",
      doi            = "10.1088/1126-6708/2006/05/026",
      year           = "2006",
      eprint         = "hep-ph/0603175",
      archivePrefix  = "arXiv",
      primaryClass   = "hep-ph",
}

@article{Sjostrand:2007gs,
      author         = {Sj\"{o}strand, Torbj\"{o}rn and Mrenna, Stephen and
                        Skands, Peter"},
      title          = "{A brief introduction to PYTHIA 8.1}",
      journal        = "Comput. Phys. Commun.",
      volume         = "178",
      pages          = "852-867",
      doi            = "10.1016/j.cpc.2008.01.036",
      year           = "2008",
      eprint         = "0710.3820",
      archivePrefix  = "arXiv",
      primaryClass   = "hep-ph",
      reportNumber   = "CERN-LCGAPP-2007-04, LU-TP-07-28,
                        FERMILAB-PUB-07-512-CD-T",
}

%GEANT4 (the two below should be used together)
@Article{Agostinelli:2002hh,
     author    = "Agostinelli, S. and others",
 collaboration = "Geant4 collaboration",
     title     = "{Geant4: A simulation toolkit}",
     journal   = "Nucl. Instrum. Meth.",
     volume    = "A506",
     year      = "2003",
     pages     = "250",
     doi       = "10.1016/S0168-9002(03)01368-8",
}

@article{Allison:2006ve,
      author         = "Allison, John and Amako, K. and Apostolakis, J. and
                        Araujo, H. and Dubois, P.A. and others",
 collaboration = "Geant4 collaboration",
      title          = "{Geant4 developments and applications}",
      journal        = "IEEE Trans.Nucl.Sci.",
      volume         = "53",
      pages          = "270",
      doi            = "10.1109/TNS.2006.869826",
      year           = "2006",
      reportNumber   = "SLAC-PUB-11870",
}

%DIRAC
@article{Tsaregorodtsev:2010zz,
      author         = "Tsaregorodtsev, A. and Brook, N. and Casajus Ramo, A. and
                        Charpentier, P. and Closier, J. and others",
      title          = "{DIRAC3: The new generation of the LHCb grid software}",
      journal        = "J. Phys. Conf. Ser.",
      volume         = "219",
      pages          = "062029",
      doi            = "10.1088/1742-6596/219/6/062029",
      year           = "2010",
}

@article{BelleDIRAC,
      author         = "Graciani Diaz, Ricardo and Casajus Ramo, Adria and Carmona uero, Ana and Fifield, Thomas and Sevior, Martin",
      title          = "{Belle-DIRAC setup for using Amazon Elastic Compute Cloud}",
      journal        = "Journal of Grid Computing",
      volume         = "9",
      year           = "2011",
      pages          = "65-79",
      doi            = "10.1007/s10723-010-9175-7",
}

% EVTGEN
@Article{Lange:2001uf,
     author    = "Lange, D. J.",
     title     = "{The EvtGen particle decay simulation package}",
     journal   = "Nucl. Instrum. Meth.",
     volume    = "A462",
     year      = "2001",
     pages     = "152-155",
     doi       = "10.1016/S0168-9002(01)00089-4",
}

% PHOTOS
@article{Golonka:2005pn,
      author         = "Golonka, Piotr and Was, Zbigniew",
      title          = "{PHOTOS Monte Carlo: A precision tool for QED
                  corrections in $Z$ and $W$ decays}",
      journal        = "Eur. Phys. J.",
      volume         = "C45",
      pages          = "97-107",
      doi            = "10.1140/epjc/s2005-02396-4",
      year           = "2006",
      eprint         = "hep-ph/0506026",
      archivePrefix  = "arXiv",
      primaryClass   = "hep-ph",
      reportNumber   = "IFJPAN-V-05-01, CERN-PH-TH-2005-091",
}

% Crystal Ball function
@PhdThesis{Skwarnicki:1986xj,
  author    = "Skwarnicki, Tomasz",
  title     = "{A study of the radiative cascade transitions between the
                  Upsilon-prime and Upsilon resonances}",
  school = 	 {Institute of Nuclear Physics, Krakow},
  year = 	 {1986},
  note = 	 "{\href{http://inspirehep.net/record/230779/}{DESY-F31-86-02}}",
}

% Hypatia, etc.
@article{Santos:2013gra,
      author         = "Mart{\'\i}nez Santos, Diego and Dupertuis, Fr{\'e}d{\'e}ric",
      title          = "{Mass distributions marginalized over per-event errors}",
      journal        = "Nucl. Instrum. Meth.",
      volume         = "A764",
      year           = "2014",
      pages          = "150-155",
      doi            = "10.1016/j.nima.2014.06.081",
      eprint         = "1312.5000",
      archivePrefix  = "arXiv",
      primaryClass   = "hep-ex",
}

% RapidSim
@article{Cowan:2016tnm,
      author         = "Cowan, G. A. and Craik, D. C. and Needham, M. D.",
      title          = "{RapidSim: an application for the fast simulation of
                        heavy-quark hadron decays}",
      journal        = "Comput. Phys. Commun.",
      volume         = "214",
      year           = "2017",
      pages          = "239-246",
      doi            = "10.1016/j.cpc.2017.01.029",
      eprint         = "1612.07489",
      archivePrefix  = "arXiv",
      primaryClass   = "hep-ex",
}

% BDT training with AdaBoost
@Article{AdaBoost,
  author = 	 "Freund, Yoav and Schapire, Robert E.",
  title = 	 "A decision-theoretic generalization of on-line learning and an application to boosting",
  journal = 	 "J. Comput. Syst. Sci.",
  volume         = "55",
  pages          = "119",
  year = 	 {1997},
  doi            = "10.1006/jcss.1997.1504",
}

% Multivariate topological trigger
@article{BBDT,
      author         = "Gligorov, V. V. and Williams, M.",
      title          = "{Efficient, reliable and fast high-level triggering using a bonsai boosted decision tree}",
      journal        = "JINST",
      volume         = "8",
      pages          = "P02013",
      doi            = "10.1088/1748-0221/8/02/P02013",
      year           = "2013",
      eprint         = "1210.6861",
      archivePrefix  = "arXiv",
      primaryClass   = "physics.ins-det",

}

%DecayTreeFitter
@article{Hulsbergen:2005pu,
      author         = "Hulsbergen, Wouter D.",
      title          = "{Decay chain fitting with a Kalman filter}",
      journal        = "Nucl. Instrum. Meth.",
      volume         = "A552",
      pages          = "566-575",
      doi            = "10.1016/j.nima.2005.06.078",
      year           = "2005",
      eprint         = "physics/0503191",
      archivePrefix  = "arXiv",
      primaryClass   = "physics",
}

%sPlot
@article{Pivk:2004ty,
      author         = "Pivk, Muriel and Le Diberder, Francois R.",
      title          = "{sPlot: A statistical tool to unfold data distributions}",
      journal        = "Nucl. Instrum. Meth.",
      volume         = "A555",
      pages          = "356-369",
      doi            = "10.1016/j.nima.2005.08.106",
      year           = "2005",
      eprint         = "physics/0402083",
      archivePrefix  = "arXiv",
      primaryClass   = "physics.data-an",
      reportNumber   = "LAL-04-07",
}

%Wilks' theorem
@article{Wilks:1938dza,
      author         = "Wilks, S. S.",
      title          = "{The large-sample distribution of the likelihood ratio
                        for testing composite hypotheses}",
      journal        = "Ann. Math.Stat.",
      volume         = "9",
      pages          = "60-62",
      doi            = "10.1214/aoms/1177732360",
      year           = "1938",
}

%Punzi's optimization criterion
@article{Punzi:2003bu,
      author         = "Punzi, Giovanni",
      title          = "{Sensitivity of searches for new signals and its
                        optimization}",
      booktitle      = "{Statistical problems in particle physics, astrophysics
                        and cosmology. Proceedings, Conference, PHYSTAT 2003,
                        Stanford, USA, September 8-11, 2003}",
      journal        = "eConf",
      volume         = "C030908",
      year           = "2003",
      pages          = "MODT002",
      eprint         = "physics/0308063",
      archivePrefix  = "arXiv",
      primaryClass   = "physics",
      reportNumber   = "PHYSTAT-2003-MODT002",
}

@article{fsfd,
      author         = "Aaij, R. and others",
      title          = "{Measurement of the fragmentation fraction ratio $f_s/f_d$ and its dependence on $B$ meson kinematics}",
      collaboration  = "LHCb collaboration",
      journal        = "JHEP",
      volume         = "04",
      pages          = "001",
      doi            = "10.1007/JHEP04(2013)001",
      year           = "2013",
      eprint         = "1301.5286",
      archivePrefix  = "arXiv",
      primaryClass   = "hep-ex",
      reportNumber   = "CERN-PH-EP-2013-006, LHCB-PAPER-2012-037",
      note           = "$f_s/f_d$ value updated in \href{https://cds.cern.ch/record/1559262}{LHCb-CONF-2013-011}"
}

@article{Lee:1967iu,
      author         = "Lee, T. D. and Weinberg, Steven and Zumino, B.",
      title          = "{Algebra of fields}",
      journal        = "Phys. Rev. Lett.",
      volume         = "18",
      year           = "1967",
      pages          = "1029-1032",
      doi            = "10.1103/PhysRevLett.18.1029",
}

@article{Cabibbo:1963yz,
      author         = "Cabibbo, Nicola",
      title          = "{Unitary symmetry and leptonic decays}",
      booktitle      = "{Meeting of the Italian School of Physics and Weak
                        Interactions Bologna, Italy, April 26-28, 1984}",
      journal        = "Phys. Rev. Lett.",
      volume         = "10",
      year           = "1963",
      pages          = "531-533",
      doi            = "10.1103/PhysRevLett.10.531",
}
@article{Kobayashi:1973fv,
      author         = "Kobayashi, Makoto and Maskawa, Toshihide",
      title          = "{\CP-Violation in the renormalizable theory of weak
                        interaction}",
      journal        = "Prog. Theor. Phys.",
      volume         = "49",
      year           = "1973",
      pages          = "652-657",
      doi            = "10.1143/PTP.49.652",
      reportNumber   = "KUNS-242",
}

@article{FerroLuzzi:2005em,
      author         = "Ferro-Luzzi, M.",
      title          = "{Proposal for an absolute luminosity determination in
                        colliding beam experiments using vertex detection of
                        beam-gas interactions}",
      journal        = "Nucl. Instrum. Meth.",
      volume         = "A553",
      pages          = "388-399",
      doi            = "10.1016/j.nima.2005.07.010",
      year           = "2005",
}

@article{Skands:2009zm,
      author         = "Skands, Peter Z.",
      title          = "{The Perugia tunes}",
      year           = "2009",
      eprint         = "0905.3418",
      archivePrefix  = "arXiv",
      primaryClass   = "hep-ph",
}

@Misc{BibTeX,
  author = 	 {Feder, Alexander},
  title = 	 {Your {Bib\TeX} resource},
  howpublished = {\href{http://www.bibtex.org/} {http://www.bibtex.org/}},
}

@Misc{mciteplus,
  author = 	 {Shell, Michael},
  title = 	 {Mciteplus: Enhanced multicitations},
  howpublished = {\href{http://www.michaelshell.org/tex/mciteplus/} {http://www.michaelshell.org/tex/mciteplus/}},
}

@lhcbreport{LHCb-INT-2011-047,
      author       = "Dickens, Jeremy",
      title        = "A measurement of the photon efficiency from the 2010 data",
      number       = "LHCb-INT-2011-047",
}

@lhcbreport{LHCb-ANA-2011-078,
      author       = "Adrover, C and Albrecht, J and Bettler, M-O and Carson, L
                      and Cid Vidal, X and Elsasser, C and Hernando Morata, J A
                      and Lanfranchi, G and Mancinelli, G and Martinez Santos, D
                      and Matveev, M and Palutan, M and Perrin-Terrin, M and
                      Sagidova, N and Sarti, A and Serrano, J and Shcheglov, Y and
                      Steinkamp, O and Archilli, F and Sciascia, B",
      title        = "{Searches for $\Bs \to \mumu$ and $\Bd \to \mumu$ in $370 \invpb$ at LHCb}",
      number       = "LHCb-ANA-2011-078",
}

@lhcbreport{LHCb-PUB-2016-021,
      author        = "Anderlini, Lucio and Contu, Andrea and Jones, Christopher
                       Rob and Malde, Sneha Sirirshkumar and Muller, Dominik and
                       Ogilvy, Stephen and Otalora Goicochea, Juan Martin and
                       Pearce, Alex and Polyakov, Ivan and Qian, Wenbin and
                       Sciascia, Barbara and Vazquez Gomez, Ricardo and Zhang,
                       Yanxi",
      title         = "{The PIDCalib package}",
      number        = "LHCb-PUB-2016-021",
      month         = "July",
      year          = "2016",
      url           = "http://cds.cern.ch/record/2202412",
}

@lhcbreport{CERN-THESIS-2014-057,
      author        = "Owen, Patrick",
      title         = "{Measurement of branching fractions, isospin asymmetries
                       and angular observables in exclusive electroweak penguin
                       decays}",
      school        = "Imperial Coll., London",
      month         = "Mar",
      year          = "2014",
      number       = "CERN-THESIS-2014-057",
}

@lhcbreport{LHCb-PROC-2014-017,
      author        = "Perret, Pascal",
      title         = "{First Years of Running for the LHCb Calorimeter system}",
      month         = "Jul",
      year          = "2014",
      number       = "LHCb-PROC-2014-017",
}

@lhcbreport{LHCb-TALK-2014-257,
      author       = "Egede, Ulrik",
      title        = "Future of heavy flavour physics",
      number       = "LHCb-TALK-2014-257",
}

% Real-time calibration
@INPROCEEDINGS{Dujany:2017839,
      author        = "Dujany, Giulio and Storaci, Barbara",
      title         = "{Real-time alignment and calibration of the LHCb Detector
                       in Run II}",
      month         = "Apr",
      year          = "2015",
      number        = "LHCb-PROC-2015-011",
      url           = "https://cds.cern.ch/record/2017839",
}

% Turbo stream 
@article{LHCb-PROC-2015-011,
      author        = "Dujany, Giulio and Storaci, Barbara",
      title         = "{Real-time alignment and calibration of the LHCb Detector
                       in Run II}",
      journal="J. Phys. Conf. Ser.",
      volume={664},
      pages={082010},
      doi={10.1088/1742-6596/664/8/082010},
      year={2015},
}

% LHC beam energy calibration and uncertainty
@article{PhysRevAccelBeams.20.081003,
 title = "{Large Hadron Collider momentum calibration and accuracy}",
 author = {Todesco, E. and Wenninger, J.},
 journal = {Phys. Rev. Accel. Beams},
 volume = {20},
 issue = {8},
 pages = {081003},
 numpages = {14},
 year = {2017},
 month = {Aug},
 publisher = {American Physical Society},
 doi = {10.1103/PhysRevAccelBeams.20.081003},
 url = {https://link.aps.org/doi/10.1103/PhysRevAccelBeams.20.081003}
}

% the CLS method
@article{CLs,
  author="A L Read",
  title="{Presentation of search results: The CL$_{\rm s}$ technique}",
  journal="J. Phys.",
  volume="G28",
  pages="2693",
  doi="10.1088/0954-3899/28/10/313",
  year="2002",
}

@article{CKMfitter2005,
      author         = "Charles, J. and H{\"o}cker, Andreas and Lacker, H. and
                        Laplace, S. and Le Diberder, F. R. and Malcl{\`e}s, J. and
                        Ocariz, J. and Pivk, M. and Roos, L.",
      title          = "{\CP violation and the CKM matrix: Assessing the impact of the asymmetric $B$ factories}",
      collaboration  = "CKMfitter group",
      journal        = "Eur. Phys. J.",
      volume         = "C41",
      year           = "2005",
      pages          = "1",
      doi            = "10.1140/epjc/s2005-02169-1",
      eprint         = "hep-ph/0406184",
      archivePrefix  = "arXiv",
      primaryClass   = "hep-ph",
      reportNumber   = "CPT-2004-P-030, LAL-04-21, LAPP-EXP-2004-01, LPNHE-2004-01",
      note           = "{updated results and plots available at \href{http://ckmfitter.in2p3.fr/}{{\texttt{http://ckmfitter.in2p3.fr/}}}}",
}

@article{CKMfitter2015,
      author         = "Charles, J. and others",
      title          = "{Current status of the Standard Model CKM fit and constraints on \hbox{$\Delta F=2$} new physics}",
      collaboration  = "CKMfitter group",
      journal        = "Phys. Rev.",
      volume         = "D91",
      year           = "2015",
      pages          = "073007",
      doi            = "10.1103/PhysRevD.91.073007",
      eprint         = "1501.05013",
      archivePrefix  = "arXiv",
      primaryClass   = "hep-ph",
      reportNumber   = "LPT-ORSAY-15-04",
      note           = "{updated results and plots available at \href{http://ckmfitter.in2p3.fr/}{{\texttt{http://ckmfitter.in2p3.fr/}}}}",
}

% UTfit Standard Model / Unitarity Triangle
@article{UTfit-UT,
      author         = "Bona, M. and others",
      title          = "{The unitarity triangle fit in the standard model and
                        hadronic parameters from lattice QCD: A reappraisal after
                        the measurements of $\Delta m_{s}$ and $BR(B\to\tau\nu_{\tau})$}",
      collaboration  = "UTfit collaboration",
      journal        = "JHEP",
      volume         = "10",
      year           = "2006",
      pages          = "081",
      doi            = "10.1088/1126-6708/2006/10/081",
      eprint         = "hep-ph/0606167",
      archivePrefix  = "arXiv",
      primaryClass   = "hep-ph",
      note           = "{updated results and plots available at \href{http://www.utfit.org/}{{\texttt{http://www.utfit.org/}}}}",
}

% UTfit New Physics
@article{UTfit-NP,
      author         = "Bona, M. and others",
      title          = "{Constraints on new physics from the quark mixing unitarity triangle}",
      collaboration  = "UTfit collaboration",
      journal        = "Phys. Rev. Lett.",
      volume         = "97",
      year           = "2006",
      pages          = "151803",
      doi            = "10.1103/PhysRevLett.97.151803",
      eprint         = "hep-ph/0605213",
      archivePrefix  = "arXiv",
      primaryClass   = "hep-ph",
      note           = "{updated results and plots available at \href{http://www.utfit.org/}{{\texttt{http://www.utfit.org/}}}}",
}


@article{Scikit,
      author         = "Pedregosa, Fabian and others",
      title          = "{Scikit-learn: Machine learning in Python}",
      journal        = "J. Machine Learning Res.",
      volume         = "12",
      year           = "2011",
      pages          = "2825",
      eprint         = "1201.0490",
      archivePrefix  = "arXiv",
      primaryClass   = "cs.LG",
      url            = "{http://www.jmlr.org/papers/v12/pedregosa11a.html}",
      note           = "{and online at \href{http://scikit-learn.org/stable/}{{\texttt{http://scikit-learn.org/stable/}}}}",
}

@article{Adye:2011gm,
      author         = "Adye, Tim",
      title          = "{Unfolding algorithms and tests using RooUnfold}",
      booktitle      = "{Proceedings, PHYSTAT 2011 Workshop on Statistical Issues
                        Related to Discovery Claims in Search Experiments and
                        Unfolding, CERN,Geneva, Switzerland 17-20 January 2011}",
      organization   = "CERN",
      publisher      = "CERN",
      address        = "Geneva",
      year           = "2011",
      url            = "https://inspirehep.net/record/898599/files/arXiv:1105.1160.pdf",
      pages          = "313-318",
      doi            = "10.5170/CERN-2011-006.313",
      eprint         = "1105.1160",
      archivePrefix  = "arXiv",
      primaryClass   = "physics.data-an",
}

%
% baryon asymmetry in Universe - some options
%
@article{Gavela:1993ts,
      author         = "Gavela, M. B. and Hernandez, P. and Orloff, J. and P\`ene, O.",
      title          = "{Standard model \CP violation and baryon asymmetry}",
      journal        = "Mod. Phys. Lett.",
      volume         = "A9",
      year           = "1994",
      pages          = "795-810",
      doi            = "10.1142/S0217732394000629",
      eprint         = "hep-ph/9312215",
      archivePrefix  = "arXiv",
      primaryClass   = "hep-ph",
      reportNumber   = "CERN-TH-7081-93, LPTHE-ORSAY-93-48, HUTP-93-A036,
                        HD-THEP-93-45",
}

@article{Gavela:1994dt,
      author         = "Gavela, M. B. and Hernandez, P. and Orloff, J. and Pene, O. and Quimbay, C.",
      title          = "{Standard model \CP violation and baryon asymmetry. Part 2: Finite temperature}",
      journal        = "Nucl. Phys.",
      volume         = "B430",
      year           = "1994",
      pages          = "382-426",
      doi            = "10.1016/0550-3213(94)00410-2",
      eprint         = "hep-ph/9406289",
      archivePrefix  = "arXiv",
      primaryClass   = "hep-ph",
      reportNumber   = "CERN-TH-7263-94, LPTHE-ORSAY-94-49, HUTP-94-A015,
                        HD-THEP-94-20, FTUAM-94-14, NSF-ITP-94-65",
}

@article{Huet:1994jb,
      author         = "Huet, Patrick and Sather, Eric",
      title          = "{Electroweak baryogenesis and standard model \CP violation}",
      journal        = "Phys. Rev.",
      volume         = "D51",
      year           = "1995",
      pages          = "379-394",
      doi            = "10.1103/PhysRevD.51.379",
      eprint         = "hep-ph/9404302",
      archivePrefix  = "arXiv",
      primaryClass   = "hep-ph",
      reportNumber   = "SLAC-PUB-6479",
}
% Revtex
@Misc{REVTeX,
  author = 
"{American Physical Society}",
  title = 
"{APS {REV\TeX} package}",
  howpublished = {\href{https://journals.aps.org/revtex}{https://journals.aps.org/revtex}},
}

% Hep-ML
@article{Rogozhnikov:2016bdp,
      author         = "Rogozhnikov, A.",
      title          = "{Reweighting with Boosted Decision Trees}",
      booktitle      = "{Proceedings, 17th International Workshop on Advanced
                        Computing and Analysis Techniques in Physics Research
                        (ACAT 2016): Valparaiso, Chile, January 18-22, 2016}",
      journal        = "J. Phys. Conf. Ser.",
      volume         = "762",
      year           = "2016",
      number         = "1",
      page           = "012036",
      doi            = "10.1088/1742-6596/762/1/012036",
      eprint         = "1608.05806",
      archivePrefix  = "arXiv",
      primaryClass   = "physics.data-an",
      note           = "\url{https://github.com/arogozhnikov/hep_ml}",
}
% root-numpy
@misc{root-numpy,
  author       = "Noel Dawe and Piti Ongmongkolkul and Christoph Deil and Todd Doughty and Giordon Stark and Peter Waller and Igor Babuschkin and Daniela Remenska and Christian Bourjau and Jacob Howard and Konstantin Schubert",
  title        = "{scikit-hep/root\_numpy : The interface between ROOT and NumPy}",
  doi          = {10.5281/zenodo.592881},
  year         = "2017"
}
% bootstrap
@article{efron:1979,
author = "Efron, B.",
doi = "10.1214/aos/1176344552",
fjournal = "The Annals of Statistics",
journal = "Ann. Statist.",
month = "01",
number = "1",
pages = "1--26",
publisher = "The Institute of Mathematical Statistics",
title = "Bootstrap Methods: Another Look at the Jackknife",
volume = "7",
year = "1979"
}

% TMVA. Two quite different documents for a single arxiv ref. 
@article{Hocker:2007ht,
      author         = "Voss, Helge and Hoecker, Andreas and Stelzer, J{\"o}rg and Tegenfeldt, Fredrik",
      title          = "{TMVA - Toolkit for Multivariate Data Analysis}",
      booktitle      = "{Proceedings, 11th International Workshop on Advanced
                        computing and analysis techniques in physics research
                        (ACAT 2007): Amsterdam, Netherlands, April 23-27, 2007}",
      journal        = "PoS",
      volume         = "ACAT",
      year           = "2007",
      pages          = "040",
      reportNumber   = "CERN-OPEN-2007-007",
      doi            = "10.22323/1.050.0040",
}
@article{TMVA4,
      author         = "Hoecker, Andreas and others",
      title          = "{TMVA 4 --- Toolkit for Multivariate Data Analysis. Users Guide.}",
      reportNumber   = "CERN-OPEN-2007-007",
      year           = "2009",
      archivePrefix  = "arXiv",
      primaryClass   = "physics",
      eprint         = "physics/0703039",
      }

% Blatt-Weisskopf barrier
@book{Blatt:1952ije,
      author         = "Blatt, John Markus and Weisskopf, Victor Frederick",
      title          = "{Theoretical nuclear physics}",
      publisher      = "Springer",
      address        = "New York",
      year           = "1952",
      doi            = "10.1007/978-1-4612-9959-2",
      ISBN           = "9780471080190",
}
% BDT
@book{Breiman,
  author = 	 {Breiman, L. and Friedman, J. H. and Olshen,
                  R. A. and Stone, C. J.},
  title = 	 {Classification and regression trees},
  publisher = 	 {Wadsworth international group},
  year = 	 {1984},
  address = 	 {Belmont, California, USA},
}

% Zweig's aces
@techreport{Zweig:352337,
      author        = "Zweig, G",
      title         = "{An SU$_3$ model for strong interaction symmetry and its
                       breaking; Version 1}",
      institution   = "CERN",
      address       = "Geneva",
      number        = "\href{http://cds.cern.ch/record/352337}{CERN-TH-401}",
      month         = "Jan",
      year          = "1964",
}

@article{Zweig:570209,
      author        = "Zweig, G",
      title         = "{An SU$_3$ model for strong interaction symmetry and its
                       breaking; Version 2}",
      number        = "CERN-TH-412",
      pages         = "80 p",
      month         = "Feb",
      year          = "1964",
      url           = "http://cds.cern.ch/record/570209",
}
% Gell-Mann quarks
@article{GellMann:1964nj,
      author         = "Gell-Mann, Murray",
      title          = "{A Schematic Model of Baryons and Mesons}",
      journal        = "Phys. Lett.",
      volume         = "8",
      year           = "1964",
      pages          = "214-215",
      doi            = "10.1016/S0031-9163(64)92001-3",
}

% ghost probability
@lhcbreport{DeCian:2255039,
      author        = "De Cian, Michel and Farry, Stephen and Seyfert, Paul and
                       Stahl, Sascha",
      title         = "{Fast neural-net based fake track rejection in the LHCb
                       reconstruction}",
      institution   = "CERN",
      address       = "Geneva",
      number        = "LHCb-PUB-2017-011",
      month         = "Mar",
      year          = "2017",
      reportNumber  = "LHCb-PUB-2017-011",
      url           = "http://cds.cern.ch/record/2255039",
}

@article{Back:2017zqt,
      author         = "Back, John and others",
      title          = "{{\sc Laura}$^{++}$: A Dalitz plot fitter}",
      journal        = "Comput. Phys. Commun.",
      volume         = "231",
      year           = "2018",
      pages          = "198-242",
      doi            = "10.1016/j.cpc.2018.04.017",
      eprint         = "1711.09854",
      archivePrefix  = "arXiv",
      primaryClass   = "hep-ex",
}
@article{Xie:2009rka,
      author         = "Xie, Yuehong",
      title          = "{sFit: a method for background subtraction in maximum
                        likelihood fit}",
      year           = "2009",
      eprint         = "0905.0724",
      archivePrefix  = "arXiv",
      primaryClass   = "physics.data-an",
}


% DIRAC
@misc{Dirac,
  author       = {Federico Stagni and
                  Andrei Tsaregorodtsev and
                  Mario Ubeda Garcia and
                  Philippe Charpentier and
                  Krzysztof Daniel Ciba and
                  Zoltan Mathe and
                  Andre Sailer and
                  Ricardo Graciani and
                  Christophe Haen and
                  Wojciech Krzemien and
                  Sergio Balbuena and
                  Marko Petric and
                  Mi{\l}osz Zdybal and
                  Joel Closier and
                  Simon Fayer and
                  Stephane Poss and
                  Adri{\'a} Casaj\'{u}s and
                  Cinzia Luzzi and
                  Yash Srivastava and
                  Daniela Remenska and
                  Andrew McNab and
                  Pierre Gay and
                  Marcelo Vilaca and
                  Luisa Arrabito},
  title        = {DIRACGrid/DIRAC: v6r20p15},
  month        = oct,
  year         = 2018,
  doi          = {10.5281/zenodo.1451647},
  url          = {https://doi.org/10.5281/zenodo.1451647}
}


@misc{LHCbDIRAC,
  author       = {LHCb collaboration},
  title        = {LHCbDIRAC},
  month        = oct,
  year         = 2018,
  doi          = {10.5281/zenodo.1451768},
  url          = {https://doi.org/10.5281/zenodo.1451768}
}
