@article{Ringbauer_2015,
   title={Measurements on the reality of the wavefunction},
   volume={11},
   ISSN={1745-2481},
   url={http://dx.doi.org/10.1038/nphys3233},
   DOI={10.1038/nphys3233},
   number={3},
   journal={Nature Physics},
   publisher={Springer Science and Business Media LLC},
   author={Ringbauer, M. and Duffus, B. and Branciard, C. and Cavalcanti, E. G. and White, A. G. and Fedrizzi, A.},
   year={2015},
   month={Feb},
   pages={249–254}
}

@article{aharanovPhysRevA.47.4616,
  title = {Meaning of the wave function},
  author = {Aharonov, Y. and Anandan, J. and Vaidman, L.},
  journal = {Phys. Rev. A},
  volume = {47},
  issue = {6},
  pages = {4616--4626},
  numpages = {0},
  year = {1993},
  month = {Jun},
  publisher = {American Physical Society},
  doi = {10.1103/PhysRevA.47.4616},
  url = {https://link.aps.org/doi/10.1103/PhysRevA.47.4616}
}

@article{debroglie:jpa-00205292,
  TITLE = {{La m{\'e}canique ondulatoire et la structure atomique de la mati{\`e}re et du rayonnement}},
  AUTHOR = {De Broglie, Louis},
  URL = {https://hal.archives-ouvertes.fr/jpa-00205292},
  JOURNAL = {{J. Phys. Radium}},
  VOLUME = {8},
  NUMBER = {5},
  PAGES = {225-241},
  YEAR = {1927},
  DOI = {10.1051/jphysrad:0192700805022500},
  KEYWORDS = {Wave mechanics ; Wave propagation ; Schr{\"o}dinger equation ; Wave equations ; Lagrange equations ; Atomic structure},
  PDF = {https://hal.archives-ouvertes.fr/jpa-00205292/file/ajp-jphysrad_1927_8_5_225_0.pdf},
  HAL_ID = {jpa-00205292},
  HAL_VERSION = {v1},
}

@article{bohmPhysRev.85.166,
  title = {A Suggested Interpretation of the Quantum Theory in Terms of "Hidden" Variables. I},
  author = {Bohm, David},
  journal = {Phys. Rev.},
  volume = {85},
  issue = {2},
  pages = {166--179},
  numpages = {0},
  year = {1952},
  month = {Jan},
  publisher = {American Physical Society},
  doi = {10.1103/PhysRev.85.166},
  url = {https://link.aps.org/doi/10.1103/PhysRev.85.166}
}

@article{Wiseman_2007,
   title={Grounding Bohmian mechanics in weak values and bayesianism},
   volume={9},
   ISSN={1367-2630},
   url={http://dx.doi.org/10.1088/1367-2630/9/6/165},
   DOI={10.1088/1367-2630/9/6/165},
   number={6},
   journal={New Journal of Physics},
   publisher={IOP Publishing},
   author={Wiseman, H M},
   year={2007},
   month={Jun},
   pages={165–165}
}

@article{kocsis2011observing,
  title={Observing the average trajectories of single photons in a two-slit interferometer},
  author={Kocsis, Sacha and Braverman, Boris and Ravets, Sylvain and Stevens, Martin J and Mirin, Richard P and Shalm, L Krister and Steinberg, Aephraim M},
  journal={Science},
  volume={332},
  number={6034},
  pages={1170--1173},
  year={2011},
  publisher={American Association for the Advancement of Science}
}

@article{mahler2016experimental,
  title={Experimental nonlocal and surreal Bohmian trajectories},
  author={Mahler, Dylan H and Rozema, Lee and Fisher, Kent and Vermeyden, Lydia and Resch, Kevin J and Wiseman, Howard M and Steinberg, Aephraim},
  journal={Science advances},
  volume={2},
  number={2},
  pages={e1501466},
  year={2016},
  publisher={American Association for the Advancement of Science}
}


@article{Jalalzadeh_2019,
   title={Bohmian mechanics of Klein–Gordon equation via quantum metric and mass},
   volume={34},
   ISSN={1793-6632},
   url={http://dx.doi.org/10.1142/S0217732319502705},
   DOI={10.1142/s0217732319502705},
   number={33},
   journal={Modern Physics Letters A},
   publisher={World Scientific Pub Co Pte Lt},
   author={Jalalzadeh, Shahram and Capistrano, A. J. S.},
   year={2019},
   month={Oct},
   pages={1950270}
}

@article{Ghose_2001,
   title={Bohmian trajectories for photons},
   volume={290},
   ISSN={0375-9601},
   url={http://dx.doi.org/10.1016/S0375-9601(01)00677-6},
   DOI={10.1016/s0375-9601(01)00677-6},
   number={5-6},
   journal={Physics Letters A},
   publisher={Elsevier BV},
   author={Ghose, Partha and Majumdar, A.S and Guha, S and Sau, J},
   year={2001},
   month={Nov},
   pages={205–213}
}

@article{aharonovPhysRevLett.60.1351,
  title = {How the result of a measurement of a component of the spin of a spin-1/2 particle can turn out to be 100},
  author = {Aharonov, Yakir and Albert, David Z. and Vaidman, Lev},
  journal = {Phys. Rev. Lett.},
  volume = {60},
  issue = {14},
  pages = {1351--1354},
  numpages = {0},
  year = {1988},
  month = {Apr},
  publisher = {American Physical Society},
  doi = {10.1103/PhysRevLett.60.1351},
  url = {https://link.aps.org/doi/10.1103/PhysRevLett.60.1351}
}


@article{Alcubierre_1994,
   title={The warp drive: hyper-fast travel within general relativity},
   volume={11},
   ISSN={1361-6382},
   url={http://dx.doi.org/10.1088/0264-9381/11/5/001},
   DOI={10.1088/0264-9381/11/5/001},
   number={5},
   journal={Classical and Quantum Gravity},
   publisher={IOP Publishing},
   author={Alcubierre, Miguel},
   year={1994},
   month={May},
   pages={L73–L77}
}

@article{einsteinPhysRev.48.73,
  title = {The Particle Problem in the General Theory of Relativity},
  author = {Einstein, A. and Rosen, N.},
  journal = {Phys. Rev.},
  volume = {48},
  issue = {1},
  pages = {73--77},
  numpages = {0},
  year = {1935},
  month = {Jul},
  publisher = {American Physical Society},
  doi = {10.1103/PhysRev.48.73},
  url = {https://link.aps.org/doi/10.1103/PhysRev.48.73}
}

@article{fordPhysRevD.55.2082,
  title = {Restrictions on negative energy density in flat spacetime},
  author = {Ford, L. H. and Roman, Thomas A.},
  journal = {Phys. Rev. D},
  volume = {55},
  issue = {4},
  pages = {2082--2089},
  numpages = {0},
  year = {1997},
  month = {Feb},
  publisher = {American Physical Society},
  doi = {10.1103/PhysRevD.55.2082},
  url = {https://link.aps.org/doi/10.1103/PhysRevD.55.2082}
}

@article{Davidovi__2009,
	doi = {10.1088/0031-8949/2009/t135/014009},
	url = {https://doi.org/10.1088/0031-8949/2009/t135/014009},
	year = 2009,
	month = {jul},
	publisher = {{IOP} Publishing},
	volume = {T135},
	pages = {014009},
	author = {M Davidovi{\'{c}} and A S Sanz and D Arsenovi{\'{c}} and M Bo{\v{z}}i{\'{c}} and S Miret-Art{\'{e}}s},
	title = {Electromagnetic energy flow lines as possible paths of photons},
	journal = {Physica Scripta}
}

@article{SANZ2010763,
title = {Understanding interference experiments with polarized light through photon trajectories},
journal = {Annals of Physics},
volume = {325},
number = {4},
pages = {763-784},
year = {2010},
issn = {0003-4916},
doi = {https://doi.org/10.1016/j.aop.2009.12.005},
url = {https://www.sciencedirect.com/science/article/pii/S0003491609002450},
author = {A.S. Sanz and M. Davidović and M. Božić and S. Miret-Artés},
keywords = {Maxwell equations, Photon wave function, Hydrodynamic formulation of Electromagnetism, Electromagnetic energy flow line, Photon trajectory, Bohmian mechanics, Quantum trajectory}
}

@article{EPRPhysRev.47.777,
  title = {Can Quantum-Mechanical Description of Physical Reality Be Considered Complete?},
  author = {Einstein, A. and Podolsky, B. and Rosen, N.},
  journal = {Phys. Rev.},
  volume = {47},
  issue = {10},
  pages = {777--780},
  numpages = {0},
  year = {1935},
  month = {May},
  publisher = {American Physical Society},
  doi = {10.1103/PhysRev.47.777},
  url = {https://link.aps.org/doi/10.1103/PhysRev.47.777}
}

@article{bellPhysicsPhysiqueFizika.1.195,
  title = {On the Einstein Podolsky Rosen paradox},
  author = {Bell, J. S.},
  journal = {Physics Physique Fizika},
  volume = {1},
  issue = {3},
  pages = {195--200},
  numpages = {6},
  year = {1964},
  month = {Nov},
  publisher = {American Physical Society},
  doi = {10.1103/PhysicsPhysiqueFizika.1.195},
  url = {https://link.aps.org/doi/10.1103/PhysicsPhysiqueFizika.1.195}
}

@book{bohm2006undivided,
  title={The undivided universe: An ontological interpretation of quantum theory},
  author={Bohm, David and Hiley, Basil J},
  year={2006},
  publisher={Routledge}
}

@incollection{durr1996bohmian,
  title={Bohmian mechanics as the foundation of quantum mechanics},
  author={D{\"u}rr, Detlef and Goldstein, Sheldon and Zanghi, Nino},
  booktitle={Bohmian mechanics and quantum theory: an appraisal},
  pages={21--44},
  year={1996},
  publisher={Springer}
}

@article{bravermanPhysRevLett.110.060406,
  title = {Proposal to Observe the Nonlocality of Bohmian Trajectories with Entangled Photons},
  author = {Braverman, Boris and Simon, Christoph},
  journal = {Phys. Rev. Lett.},
  volume = {110},
  issue = {6},
  pages = {060406},
  numpages = {5},
  year = {2013},
  month = {Feb},
  publisher = {American Physical Society},
  doi = {10.1103/PhysRevLett.110.060406},
  url = {https://link.aps.org/doi/10.1103/PhysRevLett.110.060406}
}

@mastersthesis{Struyve:2004xd,
    author = "Struyve, Ward",
    title = "{The De Broglie-Bohm pilot-wave interpretation of quantum theory}",
    eprint = "quant-ph/0506243",
    archivePrefix = "arXiv",
    type = "Other thesis",
    month = "10",
    year = "2004"
}

@article{Riek_2017,
   title={Subcycle quantum electrodynamics},
   volume={541},
   ISSN={1476-4687},
   url={http://dx.doi.org/10.1038/nature21024},
   DOI={10.1038/nature21024},
   number={7637},
   journal={Nature},
   publisher={Springer Science and Business Media LLC},
   author={Riek, C. and Sulzer, P. and Seeger, M. and Moskalenko, A. S. and Burkard, G. and Seletskiy, D. V. and Leitenstorfer, A.},
   year={2017},
   month={Jan},
   pages={376–379}
}










@article{hirschfelderdoi:10.1063/1.1681899,
author = {Hirschfelder,Joseph O.  and Christoph,Albert C.  and Palke,William E. },
title = {Quantum mechanical streamlines. I. Square potential barrier},
journal = {The Journal of Chemical Physics},
volume = {61},
number = {12},
pages = {5435-5455},
year = {1974},
doi = {10.1063/1.1681899},

URL = { 
        https://doi.org/10.1063/1.1681899
    
},
eprint = { 
        https://doi.org/10.1063/1.1681899
    
}

}

@article{philippidis1979quantum,
  title={Quantum interference and the quantum potential},
  author={Philippidis, Chris and Dewdney, Chris and Hiley, Basil J},
  journal={Il Nuovo Cimento B (1971-1996)},
  volume={52},
  number={1},
  pages={15--28},
  year={1979},
  publisher={Springer}
}

@article{dewdney1982quantum,
  title={A quantum potential description of one-dimensional time-dependent scattering from square barriers and square wells},
  author={Dewdney, Chris and Hiley, Basil J},
  journal={Foundations of Physics},
  volume={12},
  number={1},
  pages={27--48},
  year={1982},
  publisher={Springer}
}

@article{dewdney1988spin,
  title={Spin and non-locality in quantum mechanics},
  author={Dewdney, Chris and Holland, Peter R and Kyprianidis, Anastasios and Vigier, Jean-Pierre},
  journal={Nature},
  volume={336},
  number={6199},
  pages={536--544},
  year={1988},
  publisher={Nature Publishing Group}
}

@article{leavensPhysRevA.58.840,
  title = {Time of arrival in quantum and Bohmian mechanics},
  author = {Leavens, C. R.},
  journal = {Phys. Rev. A},
  volume = {58},
  issue = {2},
  pages = {840--847},
  numpages = {0},
  year = {1998},
  month = {Aug},
  publisher = {American Physical Society},
  doi = {10.1103/PhysRevA.58.840},
  url = {https://link.aps.org/doi/10.1103/PhysRevA.58.840}
}

@article{FRISK1997139,
title = {Properties of the trajectories in Bohmian mechanics},
journal = {Physics Letters A},
volume = {227},
number = {3},
pages = {139-142},
year = {1997},
issn = {0375-9601},
doi = {https://doi.org/10.1016/S0375-9601(97)00044-3},
url = {https://www.sciencedirect.com/science/article/pii/S0375960197000443},
author = {Hans Frisk},
abstract = {The three different types of flow that can occur in Bohmian mechanics are examined. The nodes of the guiding wave function are found to be crucial, both in providing a mixing like behaviour and as the main source of nonclassical motion.}
}

@article{durr1992quantum,
  title={Quantum chaos, classical randomness, and Bohmian mechanics},
  author={D{\"u}rr, Detlef and Goldstein, Sheldon and Zanghi, Nino},
  journal={Journal of Statistical Physics},
  volume={68},
  number={1},
  pages={259--270},
  year={1992},
  publisher={Springer}
}

@article{Garretson_2004,
	doi = {10.1088/1464-4266/6/6/008},
	url = {https://doi.org/10.1088/1464-4266/6/6/008},
	year = 2004,
	month = {may},
	publisher = {{IOP} Publishing},
	volume = {6},
	number = {6},
	pages = {S506--S517},
	author = {J L Garretson and H M Wiseman and D T Pope and D T Pegg},
	title = {The uncertainty relation in ~which-way~ experiments: how to observe directly the momentum transfer using weak values},
	journal = {Journal of Optics B: Quantum and Semiclassical Optics}
}


@article{morrisdoi:10.1119/1.15620,
author = {Morris,Michael S.  and Thorne,Kip S. },
title = {Wormholes in spacetime and their use for interstellar travel: A tool for teaching general relativity},
journal = {American Journal of Physics},
volume = {56},
number = {5},
pages = {395-412},
year = {1988},
doi = {10.1119/1.15620},

URL = { 
        https://doi.org/10.1119/1.15620
    
},
eprint = { 
        https://doi.org/10.1119/1.15620
    
}

}


@book{weinberg_2015, place={Cambridge}, edition={2}, title={Lectures on Quantum Mechanics}, DOI={10.1017/CBO9781316276105}, publisher={Cambridge University Press}, author={Weinberg, Steven}, year={2015}}

@inbook{flack_hiley_2015, place={Cambridge}, title={Weak measurement, the energy–momentum tensor and the Bohm approach}, DOI={10.1017/CBO9781107706927.007}, booktitle={Protective Measurement and Quantum Reality: Towards a New Understanding of Quantum Mechanics}, publisher={Cambridge University Press}, author={Flack, Robert and Hiley, Basil J.}, editor={Gao, ShanEditor}, year={2015}, pages={68–90}}

@article{BOHM1987321,
title = {An ontological basis for the quantum theory},
journal = {Physics Reports},
volume = {144},
number = {6},
pages = {321-375},
year = {1987},
issn = {0370-1573},
doi = {https://doi.org/10.1016/0370-1573(87)90024-X},
url = {https://www.sciencedirect.com/science/article/pii/037015738790024X},
author = {D Bohm and B.J Hiley and P.N Kaloyerou}
}

@article{puseyPhysRevLett.113.200401,
  title = {Anomalous Weak Values Are Proofs of Contextuality},
  author = {Pusey, Matthew F.},
  journal = {Phys. Rev. Lett.},
  volume = {113},
  issue = {20},
  pages = {200401},
  numpages = {5},
  year = {2014},
  month = {Nov},
  publisher = {American Physical Society},
  doi = {10.1103/PhysRevLett.113.200401},
  url = {https://link.aps.org/doi/10.1103/PhysRevLett.113.200401}
}

@article{Hosoya_2010,
	doi = {10.1088/1751-8113/43/38/385307},
	url = {https://doi.org/10.1088/1751-8113/43/38/385307},
	year = 2010,
	month = {aug},
	publisher = {{IOP} Publishing},
	volume = {43},
	number = {38},
	pages = {385307},
	author = {Akio Hosoya and Yutaka Shikano},
	title = {Strange weak values},
	journal = {Journal of Physics A: Mathematical and Theoretical}
}

@article{sokolovskiPhysRevA.76.042125,
  title = {Weak values, ``negative probability,'' and the uncertainty principle},
  author = {Sokolovski, D.},
  journal = {Phys. Rev. A},
  volume = {76},
  issue = {4},
  pages = {042125},
  numpages = {13},
  year = {2007},
  month = {Oct},
  publisher = {American Physical Society},
  doi = {10.1103/PhysRevA.76.042125},
  url = {https://link.aps.org/doi/10.1103/PhysRevA.76.042125}
}

@article{johansenPhysRevA.70.052115,
  title = {Nonclassicality in weak measurements},
  author = {Johansen, Lars M. and Luis, Alfredo},
  journal = {Phys. Rev. A},
  volume = {70},
  issue = {5},
  pages = {052115},
  numpages = {12},
  year = {2004},
  month = {Nov},
  publisher = {American Physical Society},
  doi = {10.1103/PhysRevA.70.052115},
  url = {https://link.aps.org/doi/10.1103/PhysRevA.70.052115}
}

@article{aharonovPhysRevA.72.052111,
  title = {Quantum averages of weak values},
  author = {Aharonov, Yakir and Botero, Alonso},
  journal = {Phys. Rev. A},
  volume = {72},
  issue = {5},
  pages = {052111},
  numpages = {12},
  year = {2005},
  month = {Nov},
  publisher = {American Physical Society},
  doi = {10.1103/PhysRevA.72.052111},
  url = {https://link.aps.org/doi/10.1103/PhysRevA.72.052111}
}

@article{starlingPhysRevA.82.063822,
  title = {Precision frequency measurements with interferometric weak values},
  author = {Starling, David J. and Dixon, P. Ben and Jordan, Andrew N. and Howell, John C.},
  journal = {Phys. Rev. A},
  volume = {82},
  issue = {6},
  pages = {063822},
  numpages = {4},
  year = {2010},
  month = {Dec},
  publisher = {American Physical Society},
  doi = {10.1103/PhysRevA.82.063822},
  url = {https://link.aps.org/doi/10.1103/PhysRevA.82.063822}
}

@article{zhouPhysRevA.95.042121,
  title = {Experimental observation of anomalous trajectories of single photons},
  author = {Zhou, Zong-Quan and Liu, Xiao and Kedem, Yaron and Cui, Jin-Min and Li, Zong-Feng and Hua, Yi-Lin and Li, Chuan-Feng and Guo, Guang-Can},
  journal = {Phys. Rev. A},
  volume = {95},
  issue = {4},
  pages = {042121},
  numpages = {6},
  year = {2017},
  month = {Apr},
  publisher = {American Physical Society},
  doi = {10.1103/PhysRevA.95.042121},
  url = {https://link.aps.org/doi/10.1103/PhysRevA.95.042121}
}

@article{dresselRevModPhys.86.307,
  title = {Colloquium: Understanding quantum weak values: Basics and applications},
  author = {Dressel, Justin and Malik, Mehul and Miatto, Filippo M. and Jordan, Andrew N. and Boyd, Robert W.},
  journal = {Rev. Mod. Phys.},
  volume = {86},
  issue = {1},
  pages = {307--316},
  numpages = {10},
  year = {2014},
  month = {Mar},
  publisher = {American Physical Society},
  doi = {10.1103/RevModPhys.86.307},
  url = {https://link.aps.org/doi/10.1103/RevModPhys.86.307}
}

@book{landau2013classical,
  title={The classical theory of fields},
  author={Landau, Lev Davidovich},
  volume={2},
  year={2013},
  publisher={Elsevier}
}