@article{Ballentine1970Statistical,
  title={The statistical interpretation of quantum mechanics},
  author={Ballentine, Leslie E},
  journal={Reviews of Modern Physics},
  volume={42},
  number={4},
  pages={358},
  year={1970},
  publisher={APS},
  doi = {10.1103/RevModPhys.42.358}
}

@article{Bell1964OnEPR,
  title={On the einstein podolsky rosen paradox},
  author={Bell, John S},
  journal={Physics Physique Fizika},
  volume={1},
  number={3},
  pages={195},
  year={1964},
  publisher={APS},
  doi={10.1103/PhysicsPhysiqueFizika.1.195}
}

@book{Bell2004Speakable,
  title={Speakable and unspeakable in quantum mechanics: Collected papers on quantum philosophy},
  author={Bell, John S},
  year={2004},
  publisher={Cambridge University Press},
  edition={2}
}

@article{Bohm1952Bohm,
  title = {A Suggested Interpretation of the Quantum Theory in Terms of "Hidden" Variables. I},
  author = {Bohm, David},
  journal = {Phys. Rev.},
  volume = {85},
  issue = {2},
  pages = {166--179},
  numpages = {0},
  year = {1952},
  month = {Jan},
  publisher = {American Physical Society},
  doi = {10.1103/PhysRev.85.166},
  url = {https://link.aps.org/doi/10.1103/PhysRev.85.166}
}


@article{Clauser1969CHSH,
  title={Proposed experiment to test local hidden-variable theories},
  author={Clauser, John F and Horne, Michael A and Shimony, Abner and Holt, Richard A},
  journal={Physical review letters},
  volume={23},
  number={15},
  pages={880},
  year={1969},
  publisher={APS},
  doi={10.1103/PhysRevLett.23.880}
}

@article{Donadi2020SuperdetToy,
  title={A Superdeterministic Toy Model},
  author={Donadi, Sandro and Hossenfelder, Sabine},
  journal={arXiv preprint arXiv:2010.01327},
  year={2020},
  url={https://arxiv.org/abs/2010.01327}
}

@article{Hance2019CFDef,
  title={Counterfactuality, Definiteness, and Bell's Theorem},
  author={Hance, Jonte R},
  journal={arXiv preprint arXiv:1909.06608},
  year={2019},
  url={https://arxiv.org/abs/1909.06608}
}

@article{Hance2021ExpIST,
  title={Experimental Tests of Invariant Set Theory},
  author={Hance, Jonte R and Palmer, Tim N and Rarity, John},
  journal={arXiv preprint arXiv:2102.07795},
  year={2021},
  url={https://arxiv.org/abs/2102.07795}
}

@article{Hance2021Wavefunctions,
  title={Wavefunctions can Simultaneously Represent Knowledge and Reality},
  author={Hance, Jonte R and Rarity, John and Ladyman, James},
  journal={arXiv preprint arXiv:2101.06436},
  year={2021},
  url={https://arxiv.org/abs/2101.06436}
}

@article{Jahnel2010Sines,
  title={When is the (co) sine of a rational angle equal to a rational number?},
  author={Jahnel, J{\"o}rg},
  journal={arXiv preprint arXiv:1006.2938},
  year={2010},
  url={https://arxiv.org/abs/1006.2938}
}

@article{Schlosshauer2013Attitudes,
title = {A snapshot of foundational attitudes toward quantum mechanics},
journal = {Studies in History and Philosophy of Science Part B: Studies in History and Philosophy of Modern Physics},
volume = {44},
number = {3},
pages = {222-230},
year = {2013},
issn = {1355-2198},
doi = {j.shpsb.2013.04.004},
author = {Maximilian Schlosshauer and Johannes Kofler and Anton Zeilinger}
}

@article{Wharton2019Reformulations,
  title = {Colloquium: Bell's theorem and locally mediated reformulations of quantum mechanics},
  author = {Wharton, K. B. and Argaman, N.},
  journal = {Rev. Mod. Phys.},
  volume = {92},
  issue = {2},
  pages = {021002},
  numpages = {23},
  year = {2020},
  month = {May},
  publisher = {American Physical Society},
  doi = {10.1103/RevModPhys.92.021002}
}


@article{Wood2015FineTuning,
  title={The lesson of causal discovery algorithms for quantum correlations: Causal explanations of Bell-inequality violations require fine-tuning},
  author={Wood, Christopher J and Spekkens, Robert W},
  journal={New Journal of Physics},
  volume={17},
  number={3},
  pages={033002},
  year={2015},
  publisher={IOP Publishing},
  doi={10.1088/1367-2630/17/3/033002}
}

%IST
@article{Hossenfelder2020Rethinking,
  title={Rethinking superdeterminism},
  author={Hossenfelder, Sabine and Palmer, Tim},
  journal={Frontiers in Physics},
  volume={8},
  pages={139},
  year={2020},
  publisher={Frontiers},
  doi={10.3389/fphy.2020.00139}
}

@article{Hossenfelder2020SuperdeterminismGuide,
  title={Superdeterminism: A Guide for the Perplexed},
  author={Hossenfelder, Sabine},
  journal={arXiv preprint arXiv:2010.01324},
  year={2020},
  url={https://arxiv.org/abs/2010.01324}
}

@article{Palmer1995Spin,
  title={A local deterministic model of quantum spin measurement},
  author={Palmer, Timothy Noel},
  journal={Proceedings of the Royal Society of London. Series A: Mathematical and Physical Sciences},
  volume={451},
  number={1943},
  pages={585--608},
  year={1995},
  publisher={The Royal Society London},
  doi={10.1098/rspa.1995.0145}
}

@article{Palmer2002Realistic,
  title={A realistic deterministic quantum theory using Borelian-normal numbers},
  author={Palmer, TN},
  journal={arXiv preprint quant-ph/0205053},
  year={2002},
  url={https://arxiv.org/abs/quant-ph/0205053}
}

@article{Palmer2004Granular,
  title={A granular permutation-based representation of complex numbers and quaternions: elements of a possible realistic quantum theory},
  author={Palmer, TN},
  journal={Proceedings of the Royal Society of London. Series A: Mathematical, Physical and Engineering Sciences},
  volume={460},
  number={2044},
  pages={1039--1055},
  year={2004},
  publisher={The Royal Society},
  doi={10.1098/rspa.2003.1189}
}

@article{Palmer2009ISP,
  title={The Invariant Set Postulate: a new geometric framework for the foundations of quantum theory and the role played by gravity},
  author={Palmer, TN},
  journal={Proceedings of the Royal Society A: Mathematical, Physical and Engineering Sciences},
  volume={465},
  number={2110},
  pages={3165--3185},
  year={2009},
  publisher={The Royal Society Publishing},
  doi={10.1098/rspa.2009.0080}
}

@article{Palmer2011ISH,
  title={The invariant set hypothesis: a new geometric framework for the foundations of quantum theory and the role played by gravity},
  author={Palmer, Tim N},
  journal={Electronic Notes in Theoretical Computer Science},
  volume={270},
  number={2},
  pages={115--119},
  year={2011},
  publisher={Elsevier},
  doi={10.1016/j.entcs.2011.01.026}
}

@incollection{Palmer2012Butterfly,
  title={THE BUTTERFLY AND THE PHOTON: NEW PERSPECTIVES ON UNPREDICTABILITY, AND THE NOTION OF CASUAL REALITY, IN QUANTUM PHYSICS},
  author={Palmer, TN},
  booktitle={Science: Image In Action},
  pages={129--139},
  year={2012},
  publisher={World Scientific},
  doi={10.1142/9789814383295_0011}
}

@article{Palmer2012Quantum,
  title={Quantum theory and the symbolic dynamics of invariant sets: towards a gravitational theory of the quantum},
  author={Palmer, TN},
  journal={arXiv preprint arXiv:1210.3940},
  year={2012},
  url={https://arxiv.org/abs/1210.3940}
}

@article{Palmer2014Lorenz,
  title={Lorenz, G{\"o}del and Penrose: new perspectives on determinism and causality in fundamental physics},
  author={Palmer, TN},
  journal={Contemporary Physics},
  volume={55},
  number={3},
  pages={157--178},
  year={2014},
  publisher={Taylor \& Francis},
  doi={10.1080/00107514.2014.908624}
}

@article{Palmer2016IST,
  title={Invariant set theory},
  author={Palmer, TN},
  journal={arXiv preprint arXiv:1605.01051},
  year={2016},
  url={https://arxiv.org/abs/1605.01051}
}

@article{Palmer2017Gravitational,
  title={A Gravitational Theory of the Quantum},
  author={Palmer, TN},
  journal={arXiv preprint arXiv:1709.00329},
  year={2017},
  url={https://arxiv.org/abs/1709.00329}
}

@article{Palmer2018Experimental,
  title={Experimental non-violation of the Bell inequality},
  author={Palmer, Tim N},
  journal={Entropy},
  volume={20},
  number={5},
  pages={356},
  year={2018},
  publisher={Multidisciplinary Digital Publishing Institute},
  doi={10.3390/e20050356}
}

@article{Palmer2019Bell,
  title={Bell Inequality Violation with Free Choice and Local Causality on the Invariant Set},
  author={Palmer, TN},
  journal={arXiv preprint arXiv:1903.10537},
  year={2019},
  url={https://arxiv.org/abs/1903.10537}
}

@article{Palmer2020Discretization,
  title={Discretization of the Bloch sphere, fractal invariant sets and Bellâ€™s theorem},
  author={Palmer, TN},
  journal={Proceedings of the Royal Society A},
  volume={476},
  number={2236},
  pages={20190350},
  year={2020},
  publisher={The Royal Society Publishing},
  doi={10.1098/rspa.2019.0350}
}

@article{Palmer2020FQXi,
  title={Undecidability, Fractal Geometry and the Unity of Physics},
  author={Palmer, TN},
  journal={FQXi Undecidability, Uncomputability, and Unpredictability Essay Contest (2019-2020)},
  year={2020},
  url={https://fqxi.org/data/essay-contest-files/Palmer_FXQi_Palmer_1.pdf}
}

@article{Palmer2021StatInd,
title={Supermeasured: Violating Statistical Independence without violating statistical independence},
author={Palmer, T.N. and Hossenfelder, S. and Hance, J.R.},
journal={arXiv preprint arXiv:2108.07292},
year={2021},
url={https://arxiv.org/abs/2108.07292}
}

@article{Sen2020Superdet1,
  title={Superdeterministic hidden-variables models I: non-equilibrium and signalling},
  author={Sen, Indrajit and Valentini, Antony},
  journal={Proceedings of the Royal Society A},
  volume={476},
  number={2243},
  pages={20200212},
  year={2020},
  publisher={The Royal Society Publishing},
  doi={10.1098/rspa.2020.0212}
}

@article{Sen2020Superdet2,
  title={Superdeterministic hidden-variables models II: conspiracy},
  author={Sen, Indrajit and Valentini, Antony},
  journal={Proceedings of the Royal Society A},
  volume={476},
  number={2243},
  pages={20200214},
  year={2020},
  publisher={The Royal Society Publishing},
  doi={10.1098/rspa.2020.0214}
}

@article{Sen2021Analysis,
  title={Analysis of the superdeterministic Invariant-set theory in a hidden-variable setting},
  author={Sen, Indrajit},
  journal={arXiv preprint arXiv:2107.04761},
  year={2021}
}

%High-Dim Entanglement/CVs
@article{Braunstein2005QIwithCVs,
  title={Quantum information with continuous variables},
  author={Braunstein, Samuel L and Van Loock, Peter},
  journal={Reviews of modern physics},
  volume={77},
  number={2},
  pages={513},
  year={2005},
  publisher={APS},
  doi={10.1103/RevModPhys.77.513}
}

@article {2020DelicLevNano,
	author = {Deli{\'c}, Uro{\v s} and Reisenbauer, Manuel and Dare, Kahan and Grass, David and Vuleti{\'c}, Vladan and Kiesel, Nikolai and Aspelmeyer, Markus},
	title = {Cooling of a levitated nanoparticle to the motional quantum ground state},
	volume = {367},
	number = {6480},
	pages = {892--895},
	year = {2020},
	doi = {10.1126/science.aba3993},
	publisher = {American Association for the Advancement of Science},
	issn = {0036-8075},
	journal = {Science}
}


@article{Dur2000Three,
  title={Three qubits can be entangled in two inequivalent ways},
  author={D{\"u}r, Wolfgang and Vidal, Guifre and Cirac, J Ignacio},
  journal={Physical Review A},
  volume={62},
  number={6},
  pages={062314},
  year={2000},
  publisher={APS},
  doi={10.1103/PhysRevA.62.062314}
}

@article{Hardy2001Axioms,
  title={Quantum theory from five reasonable axioms},
  author={Hardy, Lucien},
  journal={arXiv preprint quant-ph/0101012},
  year={2001},
  url={https://arxiv.org/abs/quant-ph/0101012}
}

@article{Heilmann2015HighOrderW,
title = "A novel integrated quantum circuit for high-order W-state generation and its highly precise characterization",
journal = "Science Bulletin",
volume = "60",
number = "1",
pages = "96 - 100",
year = "2015",
issn = "2095-9273",
doi = "10.1007/s11434-014-0688-5",
author = "RenÃ© Heilmann and Markus GrÃ¤fe and Stefan Nolte and Alexander Szameit"
}

@article{Grafe2014WState,
  title={On-chip generation of high-order single-photon W-states},
  author={Gr{\"a}fe, Markus and Heilmann, Ren{\'e} and Perez-Leija, Armando and Keil, Robert and Dreisow, Felix and Heinrich, Matthias and Moya-Cessa, Hector and Nolte, Stefan and Christodoulides, Demetrios N and Szameit, Alexander},
  journal={Nature Photonics},
  volume={8},
  number={10},
  pages={791--795},
  year={2014},
  publisher={Nature Publishing Group},
  url={https://www.nature.com/articles/nphoton.2014.204}
}

@article{Kwiat1994LoopholeFreeBell,
  title={Proposal for a loophole-free Bell inequality experiment},
  author={Kwiat, Paul G and Eberhard, Philippe H and Steinberg, Aephraim M and Chiao, Raymond Y},
  journal={Physical Review A},
  volume={49},
  number={5},
  pages={3209},
  year={1994},
  publisher={APS},
  doi={10.1103/PhysRevA.49.3209}
}

@article{Kwiat1995PolznEntgld,
  title={New high-intensity source of polarization-entangled photon pairs},
  author={Kwiat, Paul G and Mattle, Klaus and Weinfurter, Harald and Zeilinger, Anton and Sergienko, Alexander V and Shih, Yanhua},
  journal={Physical Review Letters},
  volume={75},
  number={24},
  pages={4337},
  year={1995},
  publisher={APS},
  doi={10.1103/PhysRevLett.75.4337}
}

@article{Lougovski2009VerifyingWN,
  title={Verifying multipartite mode entanglement of W states},
  author={Lougovski, Pavel and van Enk, Steven J and Choi, Kyung Soo and Papp, Scott B and Deng, Hui and Kimble, HJ},
  journal={New Journal of Physics},
  volume={11},
  number={6},
  pages={063029},
  year={2009},
  publisher={IOP Publishing},
  doi={10.1088/1367-2630/11/6/063029}
}

@article{Rai2009Possibility,
  title={Possibility of coherent phenomena such as Bloch oscillations with single photons via W states},
  author={Rai, Amit and Agarwal, GS},
  journal={Physical Review A},
  volume={79},
  number={5},
  pages={053849},
  year={2009},
  publisher={APS},
  doi={10.1103/PhysRevA.79.053849}
}

@article{Weedbrook2012Gaussian,
  title={Gaussian quantum information},
  author={Weedbrook, Christian and Pirandola, Stefano and Garc{\'\i}a-Patr{\'o}n, Ra{\'u}l and Cerf, Nicolas J and Ralph, Timothy C and Shapiro, Jeffrey H and Lloyd, Seth},
  journal={Reviews of Modern Physics},
  volume={84},
  number={2},
  pages={621},
  year={2012},
  publisher={APS},
  doi={10.1103/RevModPhys.84.621}
}

%Quantum Gravity
@article{Allali2020Decoherence,
  title={Decoherence from General Relativity},
  author={Allali, Itamar J and Hertzberg, Mark P},
  journal={arXiv preprint arXiv:2012.12903},
  year={2020},
  url={https://arxiv.org/abs/2012.12903}
}

@article{Bassi2017GravDecoherRev,
	doi = {10.1088/1361-6382/aa864f},
	year = {2017},
	month = {sep},
	publisher = {{IOP} Publishing},
	volume = {34},
	number = {19},
	pages = {193002},
	author = {Angelo Bassi and Andr{\'{e}} Gro{\ss}ardt and Hendrik Ulbricht},
	title = {Gravitational decoherence},
	journal = {Classical and Quantum Gravity}
}

@article{Bose2017EntWitnessQG,
  title = {Spin Entanglement Witness for Quantum Gravity},
  author = {Bose, Sougato and Mazumdar, Anupam and Morley, Gavin W. and Ulbricht, Hendrik and Toro\ifmmode \check{s}\else \v{s}\fi{}, Marko and Paternostro, Mauro and Geraci, Andrew A. and Barker, Peter F. and Kim, M. S. and Milburn, Gerard},
  journal = {Phys. Rev. Lett.},
  volume = {119},
  issue = {24},
  pages = {240401},
  numpages = {6},
  year = {2017},
  month = {Dec},
  publisher = {American Physical Society},
  doi = {10.1103/PhysRevLett.119.240401}
}

@article{Carney2019TabletopQG,
  title={Tabletop experiments for quantum gravity: a userâ€™s manual},
  author={Carney, Daniel and Stamp, Philip CE and Taylor, Jacob M},
  journal={Classical and Quantum Gravity},
  volume={36},
  number={3},
  pages={034001},
  year={2019},
  publisher={IOP Publishing},
  doi={10.1088/1361-6382/aaf9ca}
}

@article{Catano2020mgPendulum,
  title={High-Q Milligram-Scale Monolithic Pendulum for Quantum-Limited Gravity Measurements},
  author={Cata{\~n}o-Lopez, Seth B and Santiago-Condori, Jordy G and Edamatsu, Keiichi and Matsumoto, Nobuyuki},
  journal={Physical Review Letters},
  volume={124},
  number={22},
  pages={221102},
  year={2020},
  publisher={APS},
  doi={10.1103/PhysRevLett.124.221102}
}

@article{Farrelly2014Discrete,
  title={Discrete spacetime and relativistic quantum particles},
  author={Farrelly, Terence C and Short, Anthony J},
  journal={Physical Review A},
  volume={89},
  number={6},
  pages={062109},
  year={2014},
  publisher={APS},
  doi={10.1103/PhysRevA.89.062109}
}

@article{Kamp2020GravEntCasimir,
  title = {Quantum gravity witness via entanglement of masses: Casimir screening},
  author = {van de Kamp, Thomas W. and Marshman, Ryan J. and Bose, Sougato and Mazumdar, Anupam},
  journal = {Phys. Rev. A},
  volume = {102},
  issue = {6},
  pages = {062807},
  numpages = {12},
  year = {2020},
  month = {Dec},
  publisher = {American Physical Society},
  doi = {10.1103/PhysRevA.102.062807}
}



@article{Mansfield2014Reflections,
  title={Reflections on the PBR theorem: Reality criteria \& preparation independence},
  author={Mansfield, Shane},
  journal={arXiv preprint arXiv:1412.8549},
  year={2014}
}

@article{Mansfield2016Reality,
  title={Reality of the quantum state: Towards a stronger $\psi$-ontology theorem},
  author={Mansfield, Shane},
  journal={Physical Review A},
  volume={94},
  number={4},
  pages={042124},
  year={2016},
  publisher={APS}
}

@article{Leifer_2014,
   title={Is the Quantum State Real? An Extended Review of $\psi$-ontology Theorems},
   volume={3},
   ISSN={1314-7374},
   url={http://dx.doi.org/10.12743/quanta.v3i1.22},
   DOI={10.12743/quanta.v3i1.22},
   number={1},
   journal={Quanta},
   publisher={Quanta},
   author={Leifer, Matthew Saul},
   year={2014},
   month={Nov},
   pages={67}
}


@article {Margaliteabg2879,
	author = {Margalit, Yair and Dobkowski, Or and Zhou, Zhifan and Amit, Omer and Japha, Yonathan and Moukouri, Samuel and Rohrlich, Daniel and Mazumdar, Anupam and Bose, Sougato and Henkel, Carsten and Folman, Ron},
	title = {Realization of a complete Stern-Gerlach interferometer: Toward a test of quantum gravity},
	volume = {7},
	number = {22},
	elocation-id = {eabg2879},
	year = {2021},
	doi = {10.1126/sciadv.abg2879},
	publisher = {American Association for the Advancement of Science},
	journal = {Science Advances}
}


@article{Marletto2017GravIndEnt,
  title={Gravitationally induced entanglement between two massive particles is sufficient evidence of quantum effects in gravity},
  author={Marletto, Chiara and Vedral, Vlatko},
  journal={Physical review letters},
  volume={119},
  number={24},
  pages={240402},
  year={2017},
  publisher={APS},
  doi={10.1103/PhysRevLett.119.240402}
}

@article{Matsumoto2019DemomgPend,
  title={Demonstration of displacement sensing of a mg-scale pendulum for mm-and mg-scale gravity measurements},
  author={Matsumoto, Nobuyuki and Cata{\~n}o-Lopez, Seth B and Sugawara, Masakazu and Suzuki, Seiya and Abe, Naofumi and Komori, Kentaro and Michimura, Yuta and Aso, Yoichi and Edamatsu, Keiichi},
  journal={Physical review letters},
  volume={122},
  number={7},
  pages={071101},
  year={2019},
  publisher={APS},
  doi={10.1103/PhysRevLett.122.071101}
}

@article{Matsumura2020OptomechGravEnt,
  title={Gravity-induced entanglement in optomechanical systems},
  author={Matsumura, Akira and Yamamoto, Kazuhiro},
  journal={Physical Review D},
  volume={102},
  number={10},
  pages={106021},
  year={2020},
  publisher={APS},
  doi={10.1103/PhysRevD.102.106021}
}

@inbook{Niven1956irrational,
  title={Irrational numbers},
  author={Niven, Ivan},
  number={11},
  year={1956},
  publisher={The Mathematical Association of America},
  series={The Carus Mathematical Monographs},
  pages={41}
}

@article{Nguyen2020EntGravMeso,
  title={Entanglement dynamics of two mesoscopic objects with gravitational interaction},
  author={Nguyen, H Chau and Bernards, Fabian},
  journal={The European Physical Journal D},
  volume={74},
  pages={1--5},
  year={2020},
  publisher={Springer},
  doi={10.1140/epjd/e2020-10077-8}
}

@article{Penrose1996Gravity,
  title={On gravity's role in quantum state reduction},
  author={Penrose, Roger},
  journal={General relativity and gravitation},
  volume={28},
  number={5},
  pages={581--600},
  year={1996},
  publisher={Springer},
  doi={10.1007/bf02105068}
}

@article{Pikovski2012PlanckQOptics,
  title={Probing Planck-scale physics with quantum optics},
  author={Pikovski, Igor and Vanner, Michael R and Aspelmeyer, Markus and Kim, MS and Brukner, {\v{C}}aslav},
  journal={Nature Physics},
  volume={8},
  number={5},
  pages={393--397},
  year={2012},
  publisher={Nature Publishing Group},
  doi={10.1038/nphys2262}
}

@article{Rarity1990Cone,
  title={Experimental violation of Bellâ€™s inequality based on phase and momentum},
  author={Rarity, JG and Tapster, PR},
  journal={Physical Review Letters},
  volume={64},
  number={21},
  pages={2495},
  year={1990},
  publisher={APS},
  doi={10.1103/PhysRevLett.64.2495}
}

@article{Rijavec2020Decoherence,
  title={Decoherence effects in non-classicality tests of gravity},
  author={Rijavec, Simone and Carlesso, Matteo and Bassi, Angelo and Vedral, Vlatko and Marletto, Chiara},
  journal={arXiv preprint arXiv:2012.06230},
  year={2020},
  url={https://arxiv.org/pdf/2012.06230.pdf}
}

@Article{Rovelli1998LoopQGrav,
author={Rovelli, Carlo},
title={Loop Quantum Gravity},
journal={Living Reviews in Relativity},
year={1998},
month={Jan},
day={26},
volume={1},
number={1},
pages={1},
issn={1433-8351},
doi={10.12942/lrr-1998-1}
}

@article{Schlosshauer2012Implications,
   title = {Implications of the Pusey-Barrett-Rudolph Quantum No-Go Theorem},
  author = {Schlosshauer, Maximilian and Fine, Arthur},
  journal = {Phys. Rev. Lett.},
  volume = {108},
  issue = {26},
  pages = {260404},
  numpages = {4},
  year = {2012},
  month = {Jun},
  publisher = {American Physical Society},
  doi = {10.1103/PhysRevLett.108.260404}
}

@article{Schmole2016PoPMeasGrav,
	doi = {10.1088/0264-9381/33/12/125031},
	year = {2016},
	month = {may},
	publisher = {{IOP} Publishing},
	volume = {33},
	number = {12},
	pages = {125031},
	author = {Jonas Schm\"{o}le and Mathias Dragosits and Hans Hepach and Markus Aspelmeyer},
	title = {A micromechanical proof-of-principle experiment for measuring the gravitational force of milligram masses},
	journal = {Classical and Quantum Gravity}
}

@article {Wang2018Chip,
	author = {Wang, Jianwei and Paesani, Stefano and Ding, Yunhong and Santagati, Raffaele and Skrzypczyk, Paul and Salavrakos, Alexia and Tura, Jordi and Augusiak, Remigiusz and Man{\v c}inska, Laura and Bacco, Davide and Bonneau, Damien and Silverstone, Joshua W. and Gong, Qihuang and Ac{\'\i}n, Antonio and Rottwitt, Karsten and Oxenl{\o}we, Leif K. and O{\textquoteright}Brien, Jeremy L. and Laing, Anthony and Thompson, Mark G.},
	title = {Multidimensional quantum entanglement with large-scale integrated optics},
	volume = {360},
	number = {6386},
	pages = {285--291},
	year = {2018},
	doi = {10.1126/science.aar7053},
	publisher = {American Association for the Advancement of Science},
	issn = {0036-8075},
	journal = {Science}
}

	
@article{Westphal2020GCouplmmMasses,
  title={Measurement of Gravitational Coupling between Millimeter-Sized Masses},
  author={Westphal, Tobias and Hepach, Hans and Pfaff, Jeremias and Aspelmeyer, Markus},
  journal={arXiv preprint arXiv:2009.09546},
  year={2020},
  url={https://arxiv.org/pdf/2009.09546.pdf}
}

@article{Aspect1981BellViol,
  title = {Experimental Tests of Realistic Local Theories via Bell's Theorem},
  author = {Aspect, Alain and Grangier, Philippe and Roger, G\'erard},
  journal = {Phys. Rev. Lett.},
  volume = {47},
  issue = {7},
  pages = {460--463},
  numpages = {0},
  year = {1981},
  month = {Aug},
  publisher = {American Physical Society},
  doi = {10.1103/PhysRevLett.47.460},
  url = {https://link.aps.org/doi/10.1103/PhysRevLett.47.460}
}


@article{Elitzur1993Bomb,
  title={Quantum mechanical interaction-free measurements},
  author={Elitzur, Avshalom C and Vaidman, Lev},
  journal={Foundations of Physics},
  volume={23},
  number={7},
  pages={987--997},
  year={1993},
  publisher={Springer},
  url={https://link.springer.com/article/10.1007/BF00736012}
}

@Article{Frauchiger2018Wigner,
author={Frauchiger, Daniela
and Renner, Renato},
title={Quantum theory cannot consistently describe the use of itself},
journal={Nature Communications},
year={2018},
month={Sep},
day={18},
volume={9},
number={1},
pages={3711},
issn={2041-1723},
doi={10.1038/s41467-018-05739-8}
}

@article{Hance2021Quantum,
  title={How Quantum is Quantum Counterfactual Communication?},
  author={Hance, Jonte R and Ladyman, James and Rarity, John},
  journal={Foundations of Physics},
  year={2021},
  doi={10.1007/s10701-021-00412-5},
  volume={51},
  number={1},
  pages={12},
  month={Feb}
}

@article{Hance2021CFGI,
  title={Counterfactual ghost imaging},
  author={Hance, Jonte R and Rarity, John},
  journal={npj Quantum Information},
  volume={7},
  number={1},
  pages={1--7},
  year={2021},
  publisher={Nature Publishing Group},
  doi={10.1038/s41534-021-00411-4}
}

@article{Hance2021StatInd,
title={Supermeasured: Violating Statistical Independence without violating statistical independence},
author={Hance, J.R. and Hossenfelder, S. and Palmer, T.N.},
journal={arXiv preprint arXiv:2108.07292},
year={2021},
url={https://arxiv.org/abs/2108.07292}
}

@article{Harrigan2007ProbDistn,
  title={Representing probabilistic data via ontological models},
  author={Harrigan, Nicholas and Rudolph, Terry and Aaronson, Scott},
  journal={arXiv preprint arXiv:0709.1149},
  year={2007},
  url={https://arxiv.org/pdf/0709.1149.pdf}
}

@article{Harrigan2010OMF,
  title={Einstein, incompleteness, and the epistemic view of quantum states},
  author={Harrigan, Nicholas and Spekkens, Robert W},
  journal={Foundations of Physics},
  volume={40},
  number={2},
  pages={125--157},
  year={2010},
  publisher={Springer},
  doi={10.1007/s10701-009-9347-0}
}

@article{Hosten2006CFComp,
  title={Counterfactual quantum computation through quantum interrogation},
  author={Hosten, Onur and Rakher, Matthew T and Barreiro, Julio T and Peters, Nicholas A and Kwiat, Paul G},
  journal={Nature},
  volume={439},
  number={7079},
  pages={949--952},
  year={2006},
  publisher={Nature Publishing Group},
  doi={10.1038/nature04523}
}

@article{Maroney2012Statistical,
  title={How statistical are quantum states?},
  author={Maroney, Owen JE},
  journal={arXiv preprint arXiv:1207.6906},
  year={2012},
  url={https://arxiv.org/pdf/1207.6906.pdf}
}

@article{Pusey2012Reality,
  title={On the reality of the quantum state},
  author={Pusey, Matthew F and Barrett, Jonathan and Rudolph, Terry},
  journal={Nature Physics},
  volume={8},
  number={6},
  pages={475--478},
  year={2012},
  publisher={Nature Publishing Group},
  doi={10.1038/NPHYS2309}
}
@article{relano2018decoherence,
  title={Decoherence allows quantum theory to describe the use of itself},
  author={Rela{\~n}o, Armando},
  journal={arXiv preprint arXiv:1810.07065},
  year={2018}
}

@Article{Ringbauer2015MeasRealWavefn,
author={Ringbauer, M. and Duffus, B. and Branciard, C. and Cavalcanti, E. G. and White, A. G. and Fedrizzi, A.},
title={Measurements on the reality of the wavefunction},
journal={Nature Physics},
year={2015},
month={Mar},
day={01},
volume={11},
number={3},
pages={249-254},
issn={1745-2481},
doi={10.1038/nphys3233},
url={https://doi.org/10.1038/nphys3233}
}

@article{Salih2013Protocol,
  title = {Protocol for Direct Counterfactual Quantum Communication},
  author = {Salih, Hatim and Li, Zheng-Hong and Al-Amri, Mohammad and Zubairy, Muhammad Suhail},
  journal = {Phys. Rev. Lett.},
  volume = {110},
  issue = {17},
  pages = {170502},
  numpages = {5},
  year = {2013},
  month = {Apr},
  publisher = {American Physical Society},
  doi = {10.1103/PhysRevLett.110.170502}
}

@article{Salih2016Qubit,
  title={Protocol for counterfactually transporting an unknown qubit},
  author={Salih, Hatim},
  journal={Frontiers in Physics},
  volume={3},
  pages={94},
  year={2016},
  publisher={Frontiers},
  url={https://www.frontiersin.org/articles/10.3389/fphy.2015.00094/full}
}

@article{Salih2018Laws,
  title={Do the laws of physics prohibit counterfactual communication?},
  author={Salih, Hatim and McCutcheon, Will and Hance, Jonte and Rarity, John},
  journal={arXiv preprint arXiv:1806.01257},
  year={2018}
}

@article{Salih2021EFQubit,
	doi = {10.1088/1367-2630/abd3c4},
	url = {https://doi.org/10.1088/1367-2630/abd3c4},
	year = 2021,
	month = {jan},
	publisher = {{IOP} Publishing},
	volume = {23},
	number = {1},
	pages = {013004},
	author = {Hatim Salih and Jonte R Hance and Will McCutcheon and Terry Rudolph and John Rarity},
	title = {Exchange-free computation on an unknown qubit at a distance},
	journal = {New Journal of Physics}
}

@article{Salih2020DetTele,
      title={Deterministic Teleportation and Universal Computation Without Particle Exchange}, 
      author={Hatim Salih and Jonte R. Hance and Will McCutcheon and Terry Rudolph and John Rarity},
      year={2020},
      journal={arXiv preprint arXiv:2009.05564},
      url={https://arxiv.org/abs/2009.05564}
}

@incollection{Wheeler1978Delayed,
  title={The ``past'' and the ``delayed-choice'' double-slit experiment},
  author={Wheeler, John Archibald},
  booktitle={Mathematical foundations of quantum theory},
  pages={9--48},
  year={1978},
  publisher={Elsevier}
}

@article{zukowski2021physics,
  title={Physics and Metaphysics of Wignerâ€™s Friends: Even Performed Premeasurements Have No Results},
  author={{\.Z}ukowski, Marek and Markiewicz, Marcin},
  journal={Physical Review Letters},
  volume={126},
  number={13},
  pages={130402},
  year={2021},
  publisher={APS}
}

@article{Zurek2003Decoherence,
  title={Decoherence, einselection, and the quantum origins of the classical},
  author={Zurek, Wojciech Hubert},
  journal={Reviews of modern physics},
  volume={75},
  number={3},
  pages={715},
  year={2003},
  publisher={APS},
  doi = {10.1103/RevModPhys.75.715}
}