@inproceedings{DBLP:conf/llvmhpc/TianHPCD22,
  author    = {Shilei Tian and
               Joseph Huber and
               Konstantinos Parasyris and
               Barbara M. Chapman and
               Johannes Doerfert},
  title     = {{Direct {GPU} Compilation and Execution for Host Applications with
               OpenMP Parallelism}},
  booktitle = {Workshop on the {LLVM} Compiler Infrastructure in HPC (LLVM-HPC@SC), November 13-18, 2022},
  address   = {Dallas, TX, USA},
  pages     = {43--51},
  publisher = {{IEEE}},
  year      = {2022},
  url       = {https://doi.org/10.1109/LLVM-HPC56686.2022.00010},
  doi       = {10.1109/LLVM-HPC56686.2022.00010},
}

@inproceedings{DBLP:conf/iwomp/MullerBBFHHJMPRSWWK12,
  author    = {Matthias S. M{\"{u}}ller and
               John Baron and
               William C. Brantley and
               Huiyu Feng and
               Daniel Hackenberg and
               Robert Henschel and
               Gabriele Jost and
               Daniel Molka and
               Chris Parrott and
               Joe Robichaux and
               Pavel Shelepugin and
               G. Matthijs van Waveren and
               Brian Whitney and
               Kalyan Kumaran},
  title     = {{SPEC OMP2012 - An Application Benchmark Suite for Parallel Systems Using OpenMP}},
  booktitle = {International Workshop on OpenMP (IWOMP), June 11-13, 2012},
  address   = {Rome, Italy},
  volume    = {7312},
  pages     = {223--236},
  publisher = {Springer},
  year      = {2012},
  url       = {https://doi.org/10.1007/978-3-642-30961-8\_17},
  doi       = {10.1007/978-3-642-30961-8\_17},
}

@article{KimEtAl_QMCPack_2018,
	author = {Jeongnim Kim and Andrew D Baczewski and Todd D Beaudet and Anouar Benali and M Chandler Bennett and Mark A Berrill and Nick S Blunt and Edgar Josu{\'{e}} Landinez Borda and Michele Casula and David M Ceperley and Simone Chiesa and Bryan K Clark and Raymond C Clay and Kris T Delaney and Mark Dewing and Kenneth P Esler and Hongxia Hao and Olle Heinonen and Paul R C Kent and Jaron T Krogel and Ilkka Kyl{\"a}np{\"a}{\"a} and Ying Wai Li and M Graham Lopez and Ye Luo and Fionn D Malone and Richard M Martin and Amrita Mathuriya and Jeremy McMinis and Cody A Melton and Lubos Mitas and Miguel A Morales and Eric Neuscamman and William D Parker and Sergio D Pineda Flores and Nichols A Romero and Brenda M Rubenstein and Jacqueline A R Shea and Hyeondeok Shin and Luke Shulenburger and Andreas F Tillack and Joshua P Townsend and Norm M Tubman and Brett Van Der Goetz and Jordan E Vincent and D ChangMo Yang and Yubo Yang and Shuai Zhang and Luning Zhao},
	journal = {Journal of Physics: Condensed Matter},
	month = {4},
	number = {19},
	pages = {195901},
	title = {{{QMCPACK}: An Open Source ab Initioquantum Monte Carlo Package for the Electronic Structure of Atoms, Molecules and Solids}},
	volume = {30},
	year = 2018,
}

@inproceedings{DBLP:conf/sc/AntaoBJBERMJOSC16,
  author    = {Samuel F. Ant{\~{a}}o and
               Alexey Bataev and
               Arpith C. Jacob and
               Gheorghe{-}Teodor Bercea and
               Alexandre E. Eichenberger and
               Georgios Rokos and
               Matt Martineau and
               Tian Jin and
               Guray Ozen and
               Zehra Sura and
               Tong Chen and
               Hyojin Sung and
               Carlo Bertolli and
               Kevin O'Brien},
  title     = {{Offloading Support for OpenMP in Clang and {LLVM}}},
  booktitle = {Workshop on the {LLVM} Compiler Infrastructure in HPC (LLVM-HPC@SC), November 14, 2016},
  address   = {Salt Lake City, UT, USA},
  pages     = {1--11},
  publisher = {{IEEE} Computer Society},
  year      = {2016},
  url       = {https://doi.org/10.1109/LLVM-HPC.2016.006},
  doi       = {10.1109/LLVM-HPC.2016.006},
}

@inproceedings{DBLP:conf/sc/BertolliABJECSS15,
  author    = {Carlo Bertolli and
               Samuel Ant{\~{a}}o and
               Gheorghe{-}Teodor Bercea and
               Arpith C. Jacob and
               Alexandre E. Eichenberger and
               Tong Chen and
               Zehra Sura and
               Hyojin Sung and
               Georgios Rokos and
               David Appelhans and
               Kevin O'Brien},
  title     = {{Integrating {GPU} support for OpenMP offloading directives into Clang}},
  booktitle = {Workshop on the {LLVM} Compiler Infrastructure in HPC (LLVM-HPC@SC), November 15, 2015},
  address   = {Austin, Texas, USA},
  pages     = {5:1--5:11},
  publisher = {{ACM}},
  year      = {2015},
  url       = {https://doi.org/10.1145/2833157.2833161},
  doi       = {10.1145/2833157.2833161},
}

@inproceedings{OzenAtzeniWolfeEtAlOMPGPUoffloadingFlang2018,
  author = {{\"O}zen, G{\"u}ray and Atzeni, Simone and Wolfe, Michael and Southwell, Annemarie and Klimowicz, Gary},
  booktitle = {Workshop on the LLVM Compiler Infrastructure in HPC (LLVM-HPC@SC), November 13, 2018},
  address = {Dallas, TX, USA},
  publisher = {IEEE},
  pages = {1-9},
  title = {{OpenMP GPU Offload in Flang and LLVM}},
  year = {2018},
  doi={10.1109/LLVM-HPC.2018.8639434},
  url       = {https://doi.org/10.1109/LLVM-HPC.2018.8639434},
}

@inproceedings{DoerfertFinkelOptimizingOMP2018,
	author = {Doerfert, Johannes and Finkel, Hal},
	booktitle = {International Workshop on OpenMP},
	pages = {113--127},
	title = {{Compiler Optimizations for OpenMP}},
	year = {2018}}

@article{DBLP:journals/pc/DiazFPHBC19,
  author    = {Jose Monsalve Diaz and
               Kyle Friedline and
               Swaroop Pophale and
               Oscar R. Hernandez and
               David E. Bernholdt and
               Sunita Chandrasekaran},
  title     = {{Analysis of OpenMP 4.5 Offloading in Implementations: Correctness and Overhead}},
  journal   = {Parallel Comput.},
  volume    = {89},
  year      = {2019},
}

@inproceedings{DBLP:conf/sc/TianSSGMGZ16,
  author    = {Xinmin Tian and
               Hideki Saito and
               Ernesto Su and
               Abhinav Gaba and
               Matt Masten and
               Eric N. Garcia and
               Ayal Zaks},
  title     = {{{LLVM} Framework and {IR} Extensions for Parallelization, {SIMD} Vectorization
               and Offloading}},
  booktitle = {Workshop on the {LLVM} Compiler Infrastructure in HPC (LLVM-HPC@SC)},
  pages     = {21--31},
  publisher = {{IEEE} Computer Society},
  year      = {2016},
}
 
@inproceedings{DBLP:conf/sc/TianSSLGCMSRDZR17,
  author    = {Xinmin Tian and
               Hideki Saito and
               Ernesto Su and
               Jin Lin and
               Satish Guggilla and
               Diego Caballero and
               Matt Masten and
               Andrew Savonichev and
               Michael Rice and
               Elena Demikhovsky and
               Ayal Zaks and
               Gil Rapaport and
               Abhinav Gaba and
               Vasileios Porpodas and
               Eric N. Garcia},
  title     = {{{LLVM} Compiler Implementation for Explicit Parallelization and {SIMD}
               Vectorization}},
  booktitle = {Workshop on the {LLVM} Compiler Infrastructure in HPC (LLVM-HPC@SC)},
  pages     = {4:1--4:11},
  year      = {2017},
}

@inproceedings{DBLP:conf/iwomp/TianCDC21,
  author    = {Shilei Tian and
               Jon Chesterfield and
               Johannes Doerfert and
               Barbara M. Chapman},
  title     = {{Experience Report: Writing a Portable {GPU} Runtime with OpenMP 5.1}},
  booktitle = {International Workshop on OpenMP (IWOMP), September 14-16, 2021},
  address   = {Bristol, UK},
  volume    = {12870},
  pages     = {159--169},
  publisher = {Springer},
  year      = {2021},
  url       = {https://doi.org/10.1007/978-3-030-85262-7\_11},
  doi       = {10.1007/978-3-030-85262-7\_11},
}

@inproceedings{CaballeroDuranEtAlOpenMPSIMDIntelXeonPhi2013,
	address = {Berlin, Heidelberg},
	author = {Caballero, Diego and Duran, Alejandro and Martorell, Xavier},
	booktitle = {OpenMP in the Era of Low Power Devices and Accelerators},
	pages = {99--113},
	title = {{An OpenMP* Barrier Using SIMD Instructions for Intel{\textregistered} Xeon PhiTM Coprocessor}},
	year = {2013}}

@inproceedings{StotzerJayarajEtAlOpenMPLowPowerARMTI2013,
	author = {Stotzer, Eric and Jayaraj, Ajay and Ali, Murtaza and Friedmann, Arnon and Mitra, Gaurav and Rendell, Alistair P. and Lintault, Ian},
	booktitle = {OpenMP in the Era of Low Power Devices and Accelerators},
	pages = {114--127},
	title = {{OpenMP on the Low-Power TI Keystone II ARM/DSP System-on-Chip}},
	year = {2013}}

@inproceedings{DBLP:conf/iwomp/DoerfertDF19,
  author    = {Johannes Doerfert and
               Jose Manuel Monsalve Diaz and
               Hal Finkel},
  title     = {{The TRegion Interface and Compiler Optimizations for OpenMP Target Regions}},
  booktitle = {International Workshop on OpenMP (IWOMP), September 11-13, 2019},
  address   = {Auckland, New Zealand},
  volume    = {11718},
  pages     = {153--167},
  publisher = {Springer},
  year      = {2019},
  url       = {https://doi.org/10.1007/978-3-030-28596-8\_11},
  doi       = {10.1007/978-3-030-28596-8\_11},
}

@inproceedings{DBLP:conf/sc/BertolliAEOSJCS14,
  author    = {Carlo Bertolli and
               Samuel Ant{\~{a}}o and
               Alexandre E. Eichenberger and
               Kevin O'Brien and
               Zehra Sura and
               Arpith C. Jacob and
               Tong Chen and
               Olivier Sallenave},
  title     = {{Coordinating {GPU} threads for OpenMP 4.0 in {LLVM}}},
  booktitle = {Workshop on the {LLVM} Compiler Infrastructure in HPC (LLVM-HPC@SC), November 17, 2014},
  address   = {New Orleans, LA, USA},
  pages     = {12--21},
  publisher = {{IEEE} Computer Society},
  year      = {2014},
  url       = {https://doi.org/10.1109/LLVM-HPC.2014.10},
  doi       = {10.1109/LLVM-HPC.2014.10},
}

@inproceedings{DBLP:conf/easc/TrammSFJ14,
  author    = {John R. Tramm and
               Andrew R. Siegel and
               Benoit Forget and
               Colin Josey},
  title     = {{Performance Analysis of a Reduced Data Movement Algorithm for Neutron
               Cross Section Data in Monte Carlo Simulations}},
  booktitle = {International Conference on Exascale Applications and Software (EASC), April 2-3, 2014},
  address   = {Stockholm, Sweden},
  volume    = {8759},
  pages     = {39--56},
  publisher = {Springer},
  year      = {2014},
  url       = {https://doi.org/10.1007/978-3-319-15976-8\_3},
  doi       = {10.1007/978-3-319-15976-8\_3},
}

@article{8943339,
	author = {Tiotto, E. and Mahjour, B. and Tsang, W. and Xue, X. and Islam, T. and Chen, W.},
	journal = {IBM Journal of Research and Development},
	number = {3/4},
	pages = {14:1-14:11},
	title = {{OpenMP 4.5 Compiler Optimization for GPU Offloading}},
	volume = {64},
	year = {2020},}

@inproceedings{DBLP:conf/lcpc/DoerfertF18,
	author = {Johannes Doerfert and Hal Finkel},
	booktitle = {Languages and Compilers for Parallel Computing - 31st International Workshop, {LCPC} 2018, Salt Lake City, UT, USA, October 9-11, 2018, Revised Selected Papers},
	pages = {112--119},
	title = {{Compiler Optimizations for Parallel Programs}},
	volume = {11882},
	year = {2018},
}

@inproceedings{DBLP:conf/sc/LambertLVM20,
  author    = {Jacob Lambert and
               Seyong Lee and
               Jeffrey S. Vetter and
               Allen D. Malony},
  title     = {{CCAMP: an integrated translation and optimization framework for OpenACC and OpenMP}},
  booktitle = {Proceedings of the International Conference for High Performance Computing,
               Networking, Storage and Analysis, {SC} 2020, Virtual Event / Atlanta,
               Georgia, USA, November 9-19, 2020},
  pages     = {98},
  year      = {2020},
}

@article{romano2013openmc,
	author = {Romano, Paul K and Forget, Benoit},
	journal = {Annals of Nuclear Energy},
	pages = {274--281},
	title = {{The OpenMC Monte Carlo Particle Transport Code}},
	volume = {51},
	year = {2013}}

@inproceedings{JoelEtAlCLACC2018,
	author = {Denny, Joel E. and Lee, Seyong and Vetter, Jeffrey S.},
	booktitle = {2018 IEEE/ACM 5th Workshop on the LLVM Compiler Infrastructure in HPC (LLVM-HPC@SC)},
	pages = {18-29},
	title = {{CLACC: Translating OpenACC to OpenMP in Clang}},
	year = {2018}
 }

@inproceedings{DBLP:conf/IEEEpact/DiamosKYC10,
	author = {Gregory Frederick Diamos and Andrew Kerr and Sudhakar Yalamanchili and Nathan Clark},
	booktitle = {19th International Conference on Parallel Architectures and Compilation Techniques, {PACT} 2010, Vienna, Austria, September 11-15, 2010},
	pages = {353--364},
	title = {{Ocelot: A Dynamic Optimization Framework for Bulk-Synchronous Applications in Heterogeneous Systems}},
	year = {2010},
}

@article{DeTarEtAlMILCQCDCode2017,
	archiveprefix = {arXiv},
	author = {DeTar, Carleton and Gottlieb, Steven and Li, Ruizi and Toussaint, Doug},
	eprint = {1712.00143},
	month = {11},
	primaryclass = {hep-lat},
	title = {{MILC Code Performance on High End CPU and GPU Supercomputer Clusters}},
	year = {2017}}

@inproceedings{DBLP:conf/cc/MollDH16,
	author = {Simon Moll and Johannes Doerfert and Sebastian Hack},
	booktitle = {Proceedings of the 25th International Conference on Compiler Construction, {CC} 2016, Barcelona, Spain, March 12-18, 2016},
	pages = {251--260},
	title = {{Input Space Splitting for OpenCL}},
	year = {2016},
}

@inproceedings{DBLP:conf/cc/KarrenbergH12,
	author = {Ralf Karrenberg and Sebastian Hack},
	booktitle = {Compiler Construction - 21st International Conference, {CC} 2012, Held as Part of the European Joint Conferences on Theory and Practice of Software, {ETAPS} 2012, Tallinn, Estonia, March 24 - April 1, 2012. Proceedings},
	pages = {1--20},
	title = {{Improving Performance of OpenCL on CPUs}},
	volume = {7210},
	year = {2012},
}

@article{ROMANO201590,
	author = {Paul K. Romano and Nicholas E. Horelik and Bryan R. Herman and Adam G. Nelson and Benoit Forget and Kord Smith},
	journal = {Annals of Nuclear Energy},
	pages = {90-97},
	title = {{OpenMC: A State-of-the-Art Monte Carlo Code for Research and Development}},
	volume = {82},
	year = {2015},
}

@inproceedings{DBLP:conf/sc/DavisDPHCW20,
	author = {Joshua Hoke Davis and Christopher S. Daley and Swaroop Pophale and Thomas Huber and Sunita Chandrasekaran and Nicholas J. Wright},
	booktitle = {Accelerator Programming Using Directives - 7th International Workshop, {WACCPD} 2020, Virtual Event, November 20, 2020, Proceedings},
	pages = {25--44},
	title = {{Performance Assessment of OpenMP Compilers Targeting {NVIDIA} {V100} GPUs}},
	volume = {12655},
	year = {2020},
}

@article{DBLP:journals/csur/Aycock03,
	author = {John Aycock},
	journal = {{ACM} Comput. Surv.},
	number = {2},
	pages = {97--113},
	title = {{A Brief History of Just-in-Time}},
	volume = {35},
	year = {2003}
 }

@article{DBLP:journals/micro/CramerFMSWW97,
	author = {Timothy Cramer and Richard Friedman and Terrence Miller and David Seberger and Robert Wilson and Mario Wolczko},
	journal = {{IEEE} Micro},
	number = {3},
	pages = {36--43},
	timestamp = {Sat, 20 May 2017 00:26:06 +0200},
	title = {{Compiling Java Just in Time}},
	volume = {17},
	year = {1997},
}

@inproceedings{DBLP:conf/IEEEpact/IshizakiHKS15,
	author = {Kazuaki Ishizaki and Akihiro Hayashi and Gita Koblents and Vivek Sarkar},
	booktitle = {2015 International Conference on Parallel Architectures and Compilation, {PACT} 2015, San Francisco, CA, USA, October 18-21, 2015},
	pages = {419--431},
	title = {{Compiling and Optimizing Java 8 Programs for {GPU} Execution}},
	year = {2015},
}

@inproceedings{DBLP:conf/icse/YinDLGC18,
	author = {Fangxi Yin and Denghui Dong and Sanhong Li and Jianmei Guo and Kingsum Chow},
	booktitle = {International Conference on Software Engineering: Software Engineering in Practice ({ICSE} {(SEIP})},
	pages = {11--12},
	timestamp = {Tue, 10 Aug 2021 14:29:45 +0200},
	title = {{Java Performance Troubleshooting and Optimization at Alibaba}},
	year = {2018},
}

@inproceedings{DBLP:conf/sc/LamPS15,
	author = {Siu Kwan Lam and Antoine Pitrou and Stanley Seibert},
	booktitle = {Proceedings of the Second Workshop on the {LLVM} Compiler Infrastructure in HPC, {LLVM-HPC@SC} 2015, Austin, Texas, USA, November 15, 2015},
	pages = {7:1--7:6},
	title = {{Numba: A LLVM-Based Python {JIT} Compiler}},
	year = {2015},
}

@inproceedings{DBLP:conf/pldi/Ottoni18,
	author = {Guilherme Ottoni},
	booktitle = {Proceedings of the 39th {ACM} {SIGPLAN} Conference on Programming Language Design and Implementation, {PLDI} 2018, Philadelphia, PA, USA, June 18-22, 2018},
	pages = {151--165},
	title = {{{HHVM} {JIT:} A Profile-Guided, Region-Based Compiler for {PHP} and Hack}},
	year = {2018},
}

@inproceedings{DBLP:conf/issta/HaKTJ12,
	author = {Ok{-}Kyoon Ha and In{-}Bon Kuh and Guy Martin Tchamgoue and Yong{-}Kee Jun},
	booktitle = {Proceedings of the 10th Workshop on Parallel and Distributed Systems: Testing, Analysis, and Debugging, {PADTAD} 2012, Minneapolis, MN, USA, July 16, 2012},
	pages = {1--10},
	title = {{On-the-Fly Detection of Data Races in OpenMP Programs}},
	year = {2012}
}

@inproceedings{DBLP:conf/pldi/LukCMPKLWRH05,
	author = {Chi{-}Keung Luk and Robert S. Cohn and Robert Muth and Harish Patil and Artur Klauser and P. Geoffrey Lowney and Steven Wallace and Vijay Janapa Reddi and Kim M. Hazelwood},
	booktitle = {Proceedings of the {ACM} {SIGPLAN} 2005 Conference on Programming Language Design and Implementation, Chicago, IL, USA, June 12-15, 2005},
	pages = {190--200},
	title = {{Pin: Building Customized Program Analysis Tools with Dynamic Instrumentation}},
	year = {2005},
}

@inproceedings{DBLP:conf/pppj/GaikwadNL19,
	author = {Swapnil Gaikwad and Andy Nisbet and Mikel Luj{\'{a}}n},
	booktitle = {Proceedings of the 16th {ACM} {SIGPLAN} International Conference on Managed Programming Languages and Runtimes, {MPLR} 2019, Athens, Greece, October 21-22, 2019},
	pages = {63--71},
	title = {{Hosting OpenMP Programs on Java Virtual Machines}},
	year = {2019},
}

@inproceedings{DBLP:conf/ACISicis/PengS16,
	author = {Hao{-}Wei Peng and Jean Jyh{-}Jiun Shann},
	booktitle = {15th {IEEE/ACIS} International Conference on Computer and Information Science, {ICIS} 2016, Okayama, Japan, June 26-29, 2016},
	pages = {1--6},
	title = {{Translating OpenACC to {LLVM} {IR} with {SPIR} kernels}},
	year = {2016},
}

@misc{spir-v,
	author = {{The Khronos Group Inc}},
	title = {{SPIR Overview}},
	url = {https://www.khronos.org/spir/},
	year = {2022},
}

@inproceedings{XS_Tramm_2014,
  author = {Tramm, John R and Siegel, Andrew R and Islam, Tanzima and Schulz, Martin},
  booktitle = {International Conference on Physics of Reactors (PHYSOR), September 28 - October 3, 2014},
  address = {Kyoto, Japan},
  publisher = {JAEA},
  title = {{XSBench - The Development and Verification of a Performance Abstraction for Monte Carlo Reactor Analysis}},
  year = 2014,
  pages = {1--12},
  url = {http://dx.doi.org/10.11484/jaea-conf-2014-003}
}

@article{DBLP:journals/corr/BoyleYCP15,
  author    = {Peter A. Boyle and
               Azusa Yamaguchi and
               Guido Cossu and
               Antonin Portelli},
  title     = {{Grid: {A} Next Generation Data Parallel {C++} {QCD} Library}},
  journal   = {CoRR},
  year      = {2015},
}

@inproceedings{DBLP:conf/iwomp/AtkinsonM17,
	author = {Patrick Atkinson and Simon McIntosh{-}Smith},
	booktitle = {Scaling OpenMP for Exascale Performance and Portability - 13th International Workshop on OpenMP, {IWOMP} 2017, Stony Brook, NY, USA, September 20-22, 2017, Proceedings},
	pages = {92--106},
	title = {{On the Performance of Parallel Tasking Runtimes for an Irregular Fast Multipole Method Application}},
	volume = {10468},
	year = {2017}
}

@inproceedings{DBLP:conf/cgo/HuberCGTDDCD22,
  author    = {Joseph Huber and
               Melanie Cornelius and
               Giorgis Georgakoudis and
               Shilei Tian and
               Jose Manuel Monsalve Diaz and
               Kuter Dinel and
               Barbara M. Chapman and
               Johannes Doerfert},
  title     = {{Efficient Execution of OpenMP on GPUs}},
  booktitle = {International Symposium on Code Generation and Optimization ({CGO}), April 2-6, 2022},
  address   = {Seoul, Republic of Korea},
  pages     = {41--52},
  publisher = {{IEEE}},
  year      = {2022},
  url       = {https://doi.org/10.1109/CGO53902.2022.9741290},
  doi       = {10.1109/CGO53902.2022.9741290},
}

@inproceedings{DBLP:conf/iwomp/TianHTCD22,
  author    = {Shilei Tian and
               Joseph Huber and
               John R. Tramm and
               Barbara M. Chapman and
               Johannes Doerfert},
  title     = {{Just-in-Time Compilation and Link-Time Optimization for OpenMP Target
               Offloading}},
  booktitle = {International Workshop on OpenMP (IWOMP), September 27-30, 2022},
  address   = {Chattanooga, TN, USA},
  volume    = {13527},
  pages     = {145--158},
  publisher = {Springer},
  year      = {2022},
  url       = {https://doi.org/10.1007/978-3-031-15922-0\_10},
  doi       = {10.1007/978-3-031-15922-0\_10},
}

@article{glek2010optimizing,
  title={Optimizing real world applications with GCC link time optimization},
  author={Glek, Taras and Hubicka, Jan},
  journal={arXiv preprint arXiv:1010.2196},
  year={2010}
}

@misc{murphy_sundaram_2021,
  title={Improving GPU application performance with Nvidia Cuda 11.2 device link time optimization},
  url={https://developer.nvidia.com/blog/improving-gpu-app-performance-with-cuda-11-2-device-lto/},
  journal={NVIDIA Technical Blog},
  author={Murphy, Mike and Sundaram, Arthy}, 
  year={2021}, 
  month={Feb}
}

@article{romano-2015-ane1,
	Author = {Paul K. Romano and Nicholas E. Horelik and Bryan R. Herman and Adam G. Nelson and Benoit Forget},
	Doi = {10.1016/j.anucene.2014.07.048},
	Journal = {Ann. Nucl. Energy},
	Note = {\url{https://doi.org/10.1016/j.anucene.2014.07.048}},
	Pages = {90--97},
	Title = {{OpenMC}: A state-of-the-art {Monte} {Carlo} code for research and development},
	Volume = 82,
	Year = 2015,
	Bdsk-Url-1 = {http://dx.doi.org/10.1016/j.anucene.2014.07.048}
}

@inproceedings{tramm-2022,
	Author = {J. Tramm and P. Romano and J. Doerfert and A. Lund and P. Shriwise and A. Siegel and G. Ridley and A. Pastrello},
	Title = {Toward Portable {GPU} Acceleration of the {OpenMC} {M}onte {C}arlo Particle Transport Code},
	Booktitle = {International Conference on Physics of Reactors ({PHYSOR} 2022)},
	Year = 2022
}

@article{FATTEBERT201489,
    title = {Phase-field modeling of coring during solidification of Au–Ni alloy using quaternions and CALPHAD input},
    journal = {Acta Materialia},
    volume = {62},
    pages = {89-104},
    year = {2014},
    issn = {1359-6454},
    doi = {https://doi.org/10.1016/j.actamat.2013.09.036},
    author = {J.-L. Fattebert and M.E. Wickett and P.E.A. Turchi}
}
@misc{https://doi.org/10.48550/arxiv.2207.00257,
  doi = {10.48550/ARXIV.2207.00257},
  
  url = {https://arxiv.org/abs/2207.00257},
  
  author = {Moses, William S. and Ivanov, Ivan R. and Domke, Jens and Endo, Toshio and Doerfert, Johannes and Zinenko, Oleksandr},
  
  keywords = {Programming Languages (cs.PL), Distributed, Parallel, and Cluster Computing (cs.DC), FOS: Computer and information sciences, FOS: Computer and information sciences},
  
  title = {{High-Performance GPU-to-CPU Transpilation and Optimization via High-Level Parallel Constructs}},
  
  publisher = {arXiv},
  
  year = {2022},
  
  copyright = {arXiv.org perpetual, non-exclusive license}
}

@inproceedings{Doerfert/PACT22,
   author = {Doerfert, Johannes and Jasper, Marc and Huber, Joseph and Abdelaal, Khaled and Georgakoudis, Giorgis and Scogland, Thomas and Parasyris, Konstantinos },
title = {{Breaking the Vendor Lock --- Performance Portable Programming Through OpenMP as Target Independent Runtime Layer}},
   year = {2022},
   note = {(to appear)},
	booktitle = {International Conference on Parallel Architectures and Compilation Techniques ({PACT})},
}

@inproceedings{DBLP:conf/ipps/DoerfertPHTDCG22,
  author    = {Johannes Doerfert and
               Atmn Patel and
               Joseph Huber and
               Shilei Tian and
               Jose Manuel Monsalve Diaz and
               Barbara M. Chapman and
               Giorgis Georgakoudis},
  title     = {{Co-Designing an OpenMP {GPU} Runtime and Optimizations for Near-Zero
               Overhead Execution}},
  booktitle = {International Parallel and Distributed Processing Symposium ({IPDPS}), May 30 - June 3, 2022},
  address   = {Lyon, France},
  pages     = {504--514},
  publisher = {{IEEE}},
  year      = {2022},
  url       = {https://doi.org/10.1109/IPDPS53621.2022.00055},
  doi       = {10.1109/IPDPS53621.2022.00055},
}

@inproceedings{DBLP:conf/lcpc/TianDC20,
  author    = {Shilei Tian and
               Johannes Doerfert and
               Barbara M. Chapman},
  title     = {{Concurrent Execution of Deferred OpenMP Target Tasks with Hidden Helper
               Threads}},
  booktitle = {Languages and Compilers for Parallel Computing (LCPC), October 14-16, 2020},
  address   = {Stony Brook, NY, USA},
  volume    = {13149},
  pages     = {41--56},
  publisher = {Springer},
  year      = {2020},
  url       = {https://doi.org/10.1007/978-3-030-95953-1\_4},
  doi       = {10.1007/978-3-030-95953-1\_4},
}

@inproceedings{DBLP:conf/ipps/MikushinLZB14,
  author    = {Dmitry Mikushin and
               Nikolay Likhogrud and
               Eddy Z. Zhang and
               Christopher Bergstrom},
  title     = {KernelGen - The Design and Implementation of a Next Generation Compiler
               Platform for Accelerating Numerical Models on GPUs},
  booktitle = {International Parallel {\&} Distributed Processing Symposium Workshops (IPDPSW), May 19-23, 2014},
  address   = {Phoenix, AZ, USA},
  pages     = {1011--1020},
  publisher = {{IEEE} Computer Society},
  year      = {2014},
  url       = {https://doi.org/10.1109/IPDPSW.2014.115},
  doi       = {10.1109/IPDPSW.2014.115},
}

@inproceedings{DBLP:conf/asplos/SilbersteinFKW13,
  author    = {Mark Silberstein and
               Bryan Ford and
               Idit Keidar and
               Emmett Witchel},
  title     = {{GPUfs: Integrating A File System with GPUs}},
  booktitle = {Architectural Support for Programming Languages and Operating Systems (ASPLOS), March 16-20, 2013},
  address   = {Houston, TX, USA},
  pages     = {485--498},
  publisher = {{ACM}},
  year      = {2013},
  url       = {https://doi.org/10.1145/2451116.2451169},
  doi       = {10.1145/2451116.2451169},
}

@inproceedings{DBLP:conf/date/DamschenRVP15,
  author    = {Marvin Damschen and
               Heinrich Riebler and
               Gavin Vaz and
               Christian Plessl},
  title     = {{Transparent offloading of computational hotspots from binary code
               to Xeon Phi}},
  booktitle = {Design, Automation {\&} Test in Europe Conference {\&} Exhibition ({DATE}) March 9-13, 2015},
  address   = {Grenoble, France},
  pages     = {1078--1083},
  publisher = {{ACM}},
  year      = {2015},
  url       = {http://dl.acm.org/citation.cfm?id=2757063},
}

@misc{zjin-lcf/HeCBench,
  url       = {https://github.com/zjin-lcf/HeCBench},
  journal   = {Zjin-LCF/hecbench},
  author    = {Jin, Zheming},
  title     = {HeCBench},
  year      = {2023},
  publisher = {GitHub},
}

@misc{ExaCT,
title={{ExaCT: Center for exascale simulation of combustion in turbulence}},
year=2013,
url={http://exactcodesign.org},
author    = {ExaCT team},
}

@misc{CORAL,
title={{CORAL Benchmark Codes}},
author = {Lawrence Livermore National Laboratory},
url = {https://asc.llnl.gov/CORAL- benchmarks/},
year=2023,
}

@inproceedings{DBLP:conf/cgo/MatsumuraZWEM20,
  author    = {Kazuaki Matsumura and
               Hamid Reza Zohouri and
               Mohamed Wahib and
               Toshio Endo and
               Satoshi Matsuoka},
  title     = {{{AN5D:} Automated Stencil Framework for High-Degree Temporal Blocking on GPUs}},
  booktitle = {International Symposium on Code Generation and Optimization (CGO), February, 2020},
  address   = {San Diego, CA, USA},
  pages     = {199--211},
  publisher = {{ACM}},
  year      = {2020},
  url       = {https://doi.org/10.1145/3368826.3377904},
  doi       = {10.1145/3368826.3377904},
  timestamp = {Thu, 27 Feb 2020 18:49:48 +0100},
  biburl    = {https://dblp.org/rec/conf/cgo/MatsumuraZWEM20.bib},
  bibsource = {dblp computer science bibliography, https://dblp.org}
}

@inproceedings{DBLP:conf/pldi/JablinPJJBA11,
  author    = {Thomas B. Jablin and
               Prakash Prabhu and
               James A. Jablin and
               Nick P. Johnson and
               Stephen R. Beard and
               David I. August},
  title     = {{Automatic {CPU-GPU} communication management and optimization}},
  booktitle = {ACM SIGPLAN Conference on Programming Language Design and Implementation (PLDI), June 4-8, 2011},
  address   = {San Jose, CA, USA},
  pages     = {142--151},
  publisher = {{ACM}},
  year      = {2011},
  url       = {https://doi.org/10.1145/1993498.1993516},
  doi       = {10.1145/1993498.1993516},
  timestamp = {Thu, 24 Jun 2021 16:19:30 +0200},
  biburl    = {https://dblp.org/rec/conf/pldi/JablinPJJBA11.bib},
  bibsource = {dblp computer science bibliography, https://dblp.org}
}

@inproceedings{DBLP:conf/iwomp/MayerKP19,
  author    = {Florian Mayer and
               Marius Knaust and
               Michael Philippsen},
  title     = {{OpenMP on FPGAs - {A} Survey}},
  booktitle = {International Workshop on OpenMP (IWOMP), September 11-13, 2019},
  address   = {Auckland, New Zealand},
  volume    = {11718},
  pages     = {94--108},
  publisher = {Springer},
  year      = {2019},
  url       = {https://doi.org/10.1007/978-3-030-28596-8\_7},
  doi       = {10.1007/978-3-030-28596-8\_7},
  timestamp = {Sun, 25 Oct 2020 23:08:55 +0100},
  biburl    = {https://dblp.org/rec/conf/iwomp/MayerKP19.bib},
  bibsource = {dblp computer science bibliography, https://dblp.org}
}

@book{cook2012cuda,
  title={{CUDA Programming: A Developer's Guide to Parallel Computing with GPUs}},
  author={Cook, Shane},
  address={San Francisco, CA, USA},
  year={2012},
  publisher={Newnes}
}

@inproceedings{DBLP:conf/ppopp/RawatRSPRS18,
  author    = {Prashant Singh Rawat and
               Fabrice Rastello and
               Aravind Sukumaran{-}Rajam and
               Louis{-}No{\"{e}}l Pouchet and
               Atanas Rountev and
               P. Sadayappan},
  title     = {{Register optimizations for stencils on GPUs}},
  booktitle = {{ACM} {SIGPLAN} Symposium on Principles and Practice of Parallel Programming (PPoPP), February 24-28, 2018},
  address   = {Vienna, Austria},
  pages     = {168--182},
  publisher = {{ACM}},
  year      = {2018},
  url       = {https://doi.org/10.1145/3178487.3178500},
  doi       = {10.1145/3178487.3178500},
  timestamp = {Sun, 12 Jun 2022 19:46:08 +0200},
  biburl    = {https://dblp.org/rec/conf/ppopp/RawatRSPRS18.bib},
  bibsource = {dblp computer science bibliography, https://dblp.org}
}

@inproceedings{DBLP:conf/hipc/PotluriGRNVI17,
  author    = {Sreeram Potluri and
               Anshuman Goswami and
               Davide Rossetti and
               Chris J. Newburn and
               Manjunath Gorentla Venkata and
               Neena Imam},
  title     = {{GPU-Centric Communication on {NVIDIA} {GPU} Clusters with InfiniBand:
               {A} Case Study with OpenSHMEM}},
  booktitle = {International Conference on High Performance Computing (HiPC), December 18-21, 2017},
  address   = {Jaipur, India},
  pages     = {253--262},
  publisher = {{IEEE} Computer Society},
  year      = {2017},
  url       = {https://doi.org/10.1109/HiPC.2017.00037},
  doi       = {10.1109/HiPC.2017.00037},
  timestamp = {Fri, 24 Mar 2023 00:03:59 +0100},
  biburl    = {https://dblp.org/rec/conf/hipc/PotluriGRNVI17.bib},
  bibsource = {dblp computer science bibliography, https://dblp.org}
}

@inproceedings{DBLP:conf/hpdc/DaoudWS16,
  author    = {Feras Daoud and
               Amir Wated and
               Mark Silberstein},
  title     = {{GPURDMA: GPU-Side Library for High Performance Networking from {GPU} Kernels}},
  booktitle = {International Workshop on Runtime and Operating Systems for Supercomputers (ROSS), June 1, 2016},
  address   = {Kyoto, Japan},
  pages     = {6:1--6:8},
  publisher = {{ACM}},
  year      = {2016},
  url       = {https://doi.org/10.1145/2931088.2931091},
  doi       = {10.1145/2931088.2931091},
  timestamp = {Tue, 06 Nov 2018 11:07:20 +0100},
  biburl    = {https://dblp.org/rec/conf/hpdc/DaoudWS16.bib},
  bibsource = {dblp computer science bibliography, https://dblp.org}
}

@inproceedings{DBLP:conf/cc/OzenW22,
  author    = {Guray Ozen and
               Michael Wolfe},
  title     = {{Performant Portable OpenMP}},
  booktitle = {{ACM} {SIGPLAN} International Conference on Compiler Construction (CC), April 2 - 3, 2022},
  address   = {Seoul, South Korea},
  pages     = {156--168},
  publisher = {{ACM}},
  year      = {2022},
  url       = {https://doi.org/10.1145/3497776.3517780},
  doi       = {10.1145/3497776.3517780},
  timestamp = {Mon, 05 Dec 2022 13:35:47 +0100},
  biburl    = {https://dblp.org/rec/conf/cc/OzenW22.bib},
  bibsource = {dblp computer science bibliography, https://dblp.org}
}

@inproceedings{DBLP:conf/icppw/YviquelPFVLRCCD22,
  author    = {Herv{\'{e}} Yviquel and
               Marcio Pereira and
               Emilio Francesquini and
               Guilherme Valarini and
               Gustavo Leite and
               Pedro Henrique Di Francia Rosso and
               Rodrigo Ceccato and
               Carla Cusihualpa and
               Vitoria Dias and
               Sandro Rigo and
               Alan Souza and
               Guido Araujo},
  title     = {{The OpenMP Cluster Programming Model}},
  booktitle = {Workshop of the International Conference on Parallel Processing (ICPP), 29 August 2022 - 1 September 2022},
  address   = {Bordeaux, France},
  pages     = {17:1--17:11},
  publisher = {{ACM}},
  year      = {2022},
  url       = {https://doi.org/10.1145/3547276.3548444},
  doi       = {10.1145/3547276.3548444},
  timestamp = {Tue, 21 Mar 2023 21:02:15 +0100},
  biburl    = {https://dblp.org/rec/conf/icppw/YviquelPFVLRCCD22.bib},
  bibsource = {dblp computer science bibliography, https://dblp.org}
}

@INPROCEEDINGS{poster/MosesHTO,
  author    = {William S. Moses and Johannes Doerfert},
  title     = {{``Header Time Optimization'': Cross-Translation Unit Optimization via Annotated Headers}},
  booktitle = {LLVM Performance Workshop at CGO, Feb 23, 2020},
  address   = {San Diego, CA, USA},
  pages     = {1--1},
  year      = {2020},
  url       = {https://c.wsmoses.com/posters/HTO_Poster.pdf},
}

@inproceedings{DBLP:conf/icpp/DuranTFMA09,
  author    = {Alejandro Duran and
               Xavier Teruel and
               Roger Ferrer and
               Xavier Martorell and
               Eduard Ayguad{\'{e}}},
  title     = {{Barcelona OpenMP Tasks Suite: {A} Set of Benchmarks Targeting the
               Exploitation of Task Parallelism in OpenMP}},
  booktitle = {International Conference on Parallel Processing (ICPP), 22-25 September 2009},
  address   = {Vienna, Austria},
  pages     = {124--131},
  publisher = {{IEEE} Computer Society},
  year      = {2009},
  url       = {https://doi.org/10.1109/ICPP.2009.64},
  doi       = {10.1109/ICPP.2009.64},
  timestamp = {Fri, 24 Mar 2023 00:04:13 +0100},
  biburl    = {https://dblp.org/rec/conf/icpp/DuranTFMA09.bib},
  bibsource = {dblp computer science bibliography, https://dblp.org}
}
