@article{angelova_moments_2012,
  title = {On Moments of Sample Mean and Variance},
  author = {Angelova, Jordanka A},
  year = {2012},
  journal = {International Journal of Pure and Applied Mathematics},
  volume = {79},
  number = {1},
  pages = {67--85},
  langid = {english}
}

@article{aniceto_primer_2019,
  title = {A Primer on Resurgent Transseries and Their Asymptotics},
  author = {Aniceto, In{\^e}s and Ba{\c s}ar, G{\"o}k{\c c}e and Schiappa, Ricardo},
  year = {2019},
  month = may,
  journal = {Physics Reports},
  series = {A Primer on Resurgent Transseries and Their Asymptotics},
  volume = {809},
  eprint = {1802.10441},
  primaryclass = {hep-th},
  pages = {1--135},
  issn = {0370-1573},
  doi = {10.1016/j.physrep.2019.02.003},
  urldate = {2021-09-03},
  archiveprefix = {arxiv},
  langid = {english},
  annotation = {178 citations (INSPIRE 2023/10/9) 169 citations w/o self (INSPIRE 2023/10/9)}
}

@article{balduf_dyson_2023,
  title = {Dyson\textendash{{Schwinger}} Equations in Minimal Subtraction},
  author = {Balduf, Paul-Hermann},
  year = {2023},
  month = apr,
  journal = {Annales de l'Institut Henri Poincar\'e D},
  issn = {2308-5827},
  doi = {10.4171/aihpd/169},
  urldate = {2023-06-03},
  langid = {english}
}

@misc{balduf_statistics_2023,
  title = {Statistics of {{Feynman}} Amplitudes in $\phi^4$-Theory},
  author = {Balduf, Paul-Hermann},
  year = {2023},
  month = may,
  number = {arXiv:2305.13506},
  eprint = {2305.13506},
  primaryclass = {hep-ph, physics:hep-th},
  publisher = {{arXiv}},
  doi = {10.48550/arXiv.2305.13506},
  urldate = {2023-06-24},
  archiveprefix = {arxiv},
  annotation = {0 citations (Inspire/arXiv) [2023-10-09]}
}

@article{belkale_periods_2003,
  title = {Periods and {{Igusa Zeta}} Functions},
  author = {Belkale, Prakash and Brosnan, Patrick},
  year = {2003},
  month = feb,
  journal = {arXiv:math/0302090},
  eprint = {math/0302090},
  urldate = {2021-10-27},
  archiveprefix = {arxiv}
}

@article{bell_exponential_1934,
  title = {Exponential {{Polynomials}}},
  author = {Bell, E. T.},
  year = {1934},
  journal = {Annals of Mathematics},
  volume = {35},
  number = {2},
  eprint = {1968431},
  eprinttype = {jstor},
  pages = {258--277},
  publisher = {{Annals of Mathematics}},
  issn = {0003-486X},
  doi = {10.2307/1968431},
  urldate = {2021-01-27}
}

@article{bellon_resurgent_2021,
  title = {Resurgent Analysis of {{Ward-Schwinger-Dyson}} Equations},
  author = {Bellon, Marc P. and Russo, Enrico I.},
  year = {2021},
  month = aug,
  journal = {SIGMA. Symmetry, Integrability and Geometry: Methods and Applications},
  volume = {17},
  eprint = {2011.13822},
  primaryclass = {hep-th},
  pages = {075},
  publisher = {{National Academy of Sciences of Ukraine - NAS Ukraine (Natsional'na Akademiya Nauk Ukra\"iny - NAN Ukra\"iny), Institute of Mathematics (Instytut Matematyky), Kiev}},
  issn = {1815-0659},
  doi = {10.3842/SIGMA.2021.075},
  urldate = {2022-01-31},
  archiveprefix = {arxiv},
  langid = {english},
  zmnumber = {07413748},
  annotation = {3 citations (INSPIRE 2023/10/9) 2 citations w/o self (INSPIRE 2023/10/9) MSC2010: 81Q40 = Bethe-Salpeter and other integral equations arising in quantum theory MSC2010: 81T16 = Nonperturbative methods of renormalization applied to problems in quantum field theory MSC2010: 40G10 = Abel, Borel and power series methods}
}

@article{bender_asymptotic_1978,
  title = {The Asymptotic Number of Labeled Graphs with given Degree Sequences},
  author = {Bender, Edward A and Canfield, E. Rodney},
  year = {1978},
  month = may,
  journal = {Journal of Combinatorial Theory, Series A},
  volume = {24},
  number = {3},
  pages = {296--307},
  issn = {0097-3165},
  doi = {10.1016/0097-3165(78)90059-6},
  urldate = {2023-03-04},
  langid = {english}
}

@article{bender_number_2002,
  title = {The {{Number}} of {{Labeled}} 2-{{Connected Planar Graphs}}},
  author = {Bender, Edward A. and Gao, Zhicheng and Wormald, Nicholas C.},
  year = {2002},
  month = nov,
  journal = {The Electronic Journal of Combinatorics},
  pages = {R43-R43},
  issn = {1077-8926},
  doi = {10.37236/1659},
  urldate = {2023-04-06},
  copyright = {Copyright (c)},
  langid = {english}
}

@article{bloch_motives_2006,
  title = {On {{Motives Associated}} to {{Graph Polynomials}}},
  author = {Bloch, Spencer and Esnault, H{\'e}l{\`e}ne and Kreimer, Dirk},
  year = {2006},
  month = oct,
  journal = {Communications in Mathematical Physics},
  volume = {267},
  number = {1},
  eprint = {math/0510011},
  pages = {181--225},
  issn = {0010-3616, 1432-0916},
  doi = {10.1007/s00220-006-0040-2},
  urldate = {2021-10-19},
  archiveprefix = {arxiv}
}

@article{bogner_feynman_2010,
  title = {Feynman Graph Polynomials},
  author = {Bogner, Christian and Weinzierl, Stefan},
  year = {2010},
  month = may,
  journal = {International Journal of Modern Physics A},
  volume = {25},
  number = {13},
  eprint = {1002.3458},
  pages = {2585--2618},
  issn = {0217-751X, 1793-656X},
  doi = {10.1142/S0217751X10049438},
  urldate = {2019-02-22},
  archiveprefix = {arxiv}
}

@article{bollobas_asymptotic_1982,
  title = {The {{Asymptotic Number}} of {{Unlabelled Regular Graphs}}},
  author = {Bollob{\'a}s, B{\'e}la},
  year = {1982},
  month = oct,
  journal = {Journal of the London Mathematical Society},
  volume = {s2-26},
  number = {2},
  pages = {201--206},
  issn = {0024-6107},
  doi = {10.1112/jlms/s2-26.2.201},
  urldate = {2023-04-06}
}

@article{bollobas_diameter_1982,
  title = {The Diameter of Random Regular Graphs},
  author = {Bollob{\'a}s, B{\'e}la and {Fernandez de la Vega}, W.},
  year = {1982},
  month = jun,
  journal = {Combinatorica},
  volume = {2},
  number = {2},
  pages = {125--134},
  issn = {1439-6912},
  doi = {10.1007/BF02579310},
  urldate = {2023-03-04},
  langid = {english}
}

@article{bollobas_evaluations_2002,
  title = {Evaluations of the {{Circuit Partition Polynomial}}},
  author = {Bollob{\'a}s, B{\'e}la},
  year = {2002},
  month = jul,
  journal = {Journal of Combinatorial Theory, Series B},
  volume = {85},
  number = {2},
  pages = {261--268},
  issn = {0095-8956},
  doi = {10.1006/jctb.2001.2102},
  urldate = {2023-05-02},
  langid = {english}
}

@book{bollobas_modern_1998,
  title = {Modern {{Graph Theory}}},
  author = {Bollob{\'a}s, B{\'e}la},
  year = {1998},
  publisher = {{Springer}},
  address = {{New York, NY}},
  urldate = {2022-06-14},
  isbn = {978-0-387-98488-9},
  langid = {english}
}

@article{bollobas_probabilistic_1980,
  title = {A {{Probabilistic Proof}} of an {{Asymptotic Formula}} for the {{Number}} of {{Labelled Regular Graphs}}},
  author = {Bollob{\'a}s, B{\'e}la},
  year = {1980},
  month = dec,
  journal = {European Journal of Combinatorics},
  volume = {1},
  number = {4},
  pages = {311--316},
  issn = {0195-6698},
  doi = {10.1016/S0195-6698(80)80030-8},
  urldate = {2023-04-06},
  langid = {english}
}

@book{bollobas_random_2001,
  title = {Random {{Graphs}}},
  author = {Bollob{\'a}s, B{\'e}la},
  year = {2001},
  series = {Cambridge {{Studies}} in {{Advanced Mathematics}}},
  edition = {2},
  publisher = {{Cambridge University Press}},
  address = {{Cambridge}},
  doi = {10.1017/CBO9780511814068},
  urldate = {2023-04-05},
  isbn = {978-0-521-80920-7}
}

@article{bonichon_planar_2006,
  title = {Planar {{Graphs}}, via {{Well-Orderly Maps}} and {{Trees}}},
  author = {Bonichon, Nicolas and Gavoille, Cyril and Hanusse, Nicolas and Poulalhon, Dominique and Schaeffer, Gilles},
  year = {2006},
  month = jun,
  journal = {Graphs and Combinatorics},
  volume = {22},
  number = {2},
  pages = {185--202},
  issn = {1435-5914},
  doi = {10.1007/s00373-006-0647-2},
  urldate = {2023-04-06},
  langid = {english}
}

@article{borinsky_graphical_2022,
  title = {Graphical Functions in Even Dimensions},
  author = {Borinsky, Michael and Schnetz, Oliver},
  year = {2022},
  journal = {arXiv:2105.05015 [hep-th, physics:math-ph]},
  volume = {16},
  number = {3},
  eprint = {2105.05015},
  primaryclass = {hep-th, physics:math-ph},
  pages = {515--614},
  doi = {10.4310/CNTP.2022.v16.n3.a3},
  urldate = {2021-10-04},
  archiveprefix = {arxiv},
  annotation = {18 citations (INSPIRE 2023/10/9) 10 citations w/o self (INSPIRE 2023/10/9)}
}

@article{borinsky_nonperturbative_2020,
  title = {Non-Perturbative Completion of {{Hopf-algebraic Dyson-Schwinger}} Equations},
  author = {Borinsky, Michael and Dunne, Gerald V.},
  year = {2020},
  month = aug,
  journal = {Nuclear Physics B},
  volume = {957},
  eprint = {2005.04265},
  primaryclass = {hep-th},
  pages = {115096},
  issn = {0550-3213},
  doi = {10.1016/j.nuclphysb.2020.115096},
  urldate = {2020-07-05},
  archiveprefix = {arxiv},
  langid = {english},
  annotation = {25 citations (INSPIRE 2023/10/9) 21 citations w/o self (INSPIRE 2023/10/9)}
}

@misc{borinsky_recursive_2022,
  title = {Recursive Computation of {{Feynman}} Periods},
  author = {Borinsky, Michael and Schnetz, Oliver},
  year = {2022},
  month = jun,
  number = {arXiv:2206.10460},
  eprint = {2206.10460},
  primaryclass = {hep-th, physics:math-ph},
  publisher = {{arXiv}},
  doi = {10.48550/arXiv.2206.10460},
  urldate = {2022-06-28},
  archiveprefix = {arxiv}
}

@article{borinsky_renormalized_2017,
  title = {Renormalized Asymptotic Enumeration of {{Feynman}} Diagrams},
  author = {Borinsky, Michael},
  year = {2017},
  month = oct,
  journal = {Annals of Physics},
  volume = {385},
  pages = {95--135},
  issn = {0003-4916},
  doi = {10.1016/j.aop.2017.07.009},
  urldate = {2020-10-01},
  langid = {english}
}

@article{borinsky_resonant_2022,
  title = {Resonant Resurgent Asymptotics from Quantum Field Theory},
  author = {Borinsky, Michael and Broadhurst, David},
  year = {2022},
  month = aug,
  journal = {arXiv:2202.01513 [hep-th, physics:math-ph]},
  volume = {981},
  eprint = {2202.01513},
  primaryclass = {hep-th, physics:math-ph},
  pages = {115861},
  doi = {10.1016/j.nuclphysb.2022.115861},
  urldate = {2022-02-06},
  archiveprefix = {arxiv},
  annotation = {12 citations (INSPIRE 2023/10/9) 10 citations w/o self (INSPIRE 2023/10/9)}
}

@article{borinsky_semiclassical_2021,
  title = {Semiclassical {{Trans-Series}} from the {{Perturbative Hopf-Algebraic Dyson-Schwinger Equations}}: $\phi^3$ {{QFT}} in 6 {{Dimensions}}},
  shorttitle = {Semiclassical {{Trans-Series}} from the {{Perturbative Hopf-Algebraic Dyson-Schwinger Equations}}},
  author = {Borinsky, Michael and Dunne, Gerald and Meynig, Max},
  year = {2021},
  month = sep,
  journal = {Symmetry, Integrability and Geometry: Methods and Applications},
  volume = {17},
  eprint = {2104.00593},
  primaryclass = {hep-th},
  pages = {087},
  doi = {10.3842/SIGMA.2021.087},
  archiveprefix = {arxiv},
  annotation = {16 citations (INSPIRE 2023/10/9) 12 citations w/o self (INSPIRE 2023/10/9)}
}

@misc{borinsky_tropical_2023,
  title = {Tropical {{Feynman}} Integration in the {{Minkowski}} Regime},
  author = {Borinsky, Michael and Munch, Henrik J. and Tellander, Felix},
  year = {2023},
  month = feb,
  number = {arXiv:2302.08955},
  eprint = {2302.08955},
  primaryclass = {hep-ph, physics:hep-th, physics:math-ph},
  publisher = {{arXiv}},
  doi = {10.48550/arXiv.2302.08955},
  urldate = {2023-04-25},
  archiveprefix = {arxiv}
}

@article{borinsky_tropical_2023a,
  title = {Tropical {{Monte Carlo}} Quadrature for {{Feynman}} Integrals},
  author = {Borinsky, Michael},
  year = {2023},
  month = jan,
  journal = {Annales de l'Institut Henri Poincar\'e D},
  volume = {10},
  number = {4},
  eprint = {2008.12310},
  pages = {635--685},
  doi = {10.4171/AIHPD/158},
  urldate = {2021-10-04},
  archiveprefix = {arxiv}
}

@article{bouchet_connectivity_1996,
  title = {Connectivity and {$\beta$}-Invariants of Isotropic Systems and 4-Regular Graphs},
  author = {Bouchet, Andr{\'e} and Ghier, Laurence},
  year = {1996},
  month = dec,
  journal = {Discrete Mathematics},
  volume = {161},
  number = {1},
  pages = {25--44},
  issn = {0012-365X},
  doi = {10.1016/0012-365X(95)00219-M},
  urldate = {2023-05-02},
  langid = {english}
}

@article{broadhurst_exploiting_1986,
  title = {Exploiting the 1, 440-Fold Symmetry of the Master Two-Loop Diagram},
  author = {Broadhurst, D. J.},
  year = {1986},
  month = jun,
  journal = {Zeitschrift f\"ur Physik C Particles and Fields},
  volume = {32},
  number = {2},
  pages = {249--253},
  issn = {1431-5858},
  doi = {10.1007/BF01552503},
  urldate = {2023-04-14},
  langid = {english}
}

@article{broadhurst_knots_1995,
  title = {Knots and {{Numbers}} in $\phi^4$ {{Theory}} to 7 {{Loops}} and {{Beyond}}},
  author = {Broadhurst, D. J. and Kreimer, D.},
  year = {1995},
  month = aug,
  journal = {International Journal of Modern Physics C},
  volume = {06},
  number = {04},
  eprint = {hep-ph/9504352},
  pages = {519--524},
  issn = {0129-1831, 1793-6586},
  doi = {10.1142/S012918319500037X},
  urldate = {2021-11-03},
  archiveprefix = {arxiv}
}

@article{brown_angles_2013,
  title = {Angles, {{Scales}} and {{Parametric Renormalization}}},
  author = {Brown, Francis and Kreimer, Dirk},
  year = {2013},
  month = sep,
  journal = {Letters in Mathematical Physics},
  volume = {103},
  number = {9},
  pages = {933--1007},
  issn = {1573-0530},
  doi = {10.1007/s11005-013-0625-6},
  urldate = {2023-10-28},
  langid = {english}
}

@article{brown_multiple_2006,
  title = {Multiple Zeta Values and Periods of Moduli Spaces $\mathfrak{M}_{0,n}$},
  author = {Brown, Francis C. S.},
  year = {2006},
  month = jun,
  journal = {arXiv:math/0606419},
  eprint = {math/0606419},
  urldate = {2022-04-04},
  archiveprefix = {arxiv}
}

@article{brown_periods_2010,
  title = {On the Periods of Some {{Feynman}} Integrals},
  author = {Brown, Francis C. S.},
  year = {2010},
  month = jul,
  journal = {arXiv:0910.0114 [math-ph]},
  eprint = {0910.0114},
  primaryclass = {math-ph},
  urldate = {2021-11-03},
  archiveprefix = {arxiv}
}

@article{brown_singlevalued_2015,
  title = {Single-Valued Multiple Polylogarithms and a Proof of the Zig-Zag Conjecture},
  author = {Brown, Francis and Schnetz, Oliver},
  year = {2015},
  month = mar,
  journal = {Journal of Number Theory},
  volume = {148},
  eprint = {1208.1890},
  pages = {478--506},
  doi = {10.1016/j.jnt.2014.09.007},
  urldate = {2021-11-03},
  archiveprefix = {arxiv}
}

@article{clavier_borelecalle_2021,
  title = {Borel-{{\'Ecalle Resummation}} of a {{Two-Point Function}}},
  author = {Clavier, Pierre J.},
  year = {2021},
  month = apr,
  journal = {Annales Henri Poincar\'e},
  volume = {22},
  number = {6},
  eprint = {1912.03237},
  primaryclass = {math-ph},
  pages = {2103--2136},
  issn = {1424-0661},
  doi = {10.1007/s00023-021-01057-w},
  urldate = {2022-02-07},
  archiveprefix = {arxiv},
  langid = {english},
  annotation = {8 citations (INSPIRE 2023/10/9) 8 citations w/o self (INSPIRE 2023/10/9)}
}

@article{crump_period_2016,
  title = {Period Preserving Properties of an Invariant from the Permanent of Signed Incidence Matrices},
  author = {Crump, Iain and DeVos, Matt and Yeats, Karen},
  year = {2016},
  month = dec,
  journal = {Annales de l'Institut Henri Poincar\'e D},
  volume = {3},
  number = {4},
  pages = {429--454},
  issn = {2308-5827},
  doi = {10.4171/aihpd/35},
  urldate = {2023-10-28},
  langid = {english}
}

@article{crump_properties_2017,
  title = {Properties of the {{Extended Graph Permanent}}},
  author = {Crump, Iain},
  year = {2017},
  month = may,
  journal = {arXiv:1608.01414 [math-ph]},
  eprint = {1608.01414},
  primaryclass = {math-ph},
  urldate = {2021-10-29},
  archiveprefix = {arxiv}
}

@article{cvitanovic_number_1978,
  title = {Number and Weights of {{Feynman}} Diagrams},
  author = {Cvitanovi{\'c}, Predrag and Lautrup, B. and Pearson, Robert B.},
  year = {1978},
  journal = {Physical Review D},
  volume = {18},
  number = {6},
  pages = {1939},
  issn = {0556-2821},
  doi = {10.1103/PhysRevD.18.1939},
  urldate = {2022-09-19},
  langid = {english},
  annotation = {50 citations (INSPIRE 2023/10/9) 49 citations w/o self (INSPIRE 2023/10/9)}
}

@book{davison_bootstrap_1997,
  title = {Bootstrap {{Methods}} and Their {{Application}}},
  author = {Davison, A. C. and Hinkley, D. V.},
  year = {1997},
  series = {Cambridge {{Series}} in {{Statistical}} and {{Probabilistic Mathematics}}},
  publisher = {{Cambridge University Press}},
  address = {{Cambridge}},
  doi = {10.1017/CBO9780511802843},
  urldate = {2023-10-05},
  isbn = {978-0-521-57471-6}
}

@article{dunne_instantons_2021,
  title = {Instantons or {{Renormalons}}? {{A Comment}} on Phi4\_4 {{Theory}} in the {{MS Scheme}}},
  shorttitle = {Instantons or {{Renormalons}}?},
  author = {Dunne, Gerald V. and Meynig, Max},
  year = {2021},
  month = nov,
  journal = {arXiv:2111.15554 [hep-ph, physics:hep-th]},
  eprint = {2111.15554},
  primaryclass = {hep-ph, physics:hep-th},
  urldate = {2021-12-20},
  archiveprefix = {arxiv}
}

@article{dunne_resurgence_2012,
  title = {Resurgence and {{Trans-series}} in {{Quantum Field Theory}}: {{The CP}}({{N-1}}) {{Model}}},
  shorttitle = {Resurgence and {{Trans-series}} in {{Quantum Field Theory}}},
  author = {Dunne, Gerald V. and Unsal, Mithat},
  year = {2012},
  month = nov,
  journal = {Journal of High Energy Physics},
  volume = {2012},
  number = {11},
  eprint = {1210.2423},
  pages = {170},
  issn = {1029-8479},
  doi = {10.1007/JHEP11(2012)170},
  urldate = {2020-10-04},
  archiveprefix = {arxiv}
}

@article{ellis-monaghan_new_1998,
  title = {New {{Results}} for the {{Martin}} Polynomial},
  author = {{Ellis-Monaghan}, Joanna A.},
  year = {1998},
  journal = {Journal of Combinatorial Theory, Series B},
  volume = {74},
  pages = {326--352}
}

@unpublished{evans_probability_2023,
  title = {Probability and {{Statistics}}: {{The Science}} of {{Uncertainty}}},
  author = {Evans, Michael J and Rosenthal, Jeffrey S},
  year = {2023},
  langid = {english}
}

@article{golz_graphical_2017,
  title = {Graphical Functions in Parametric Space},
  author = {Golz, Marcel and Panzer, Erik and Schnetz, Oliver},
  year = {2017},
  month = jun,
  journal = {Letters in Mathematical Physics},
  volume = {107},
  number = {6},
  pages = {1177--1192},
  issn = {1573-0530},
  doi = {10.1007/s11005-016-0935-6},
  urldate = {2021-10-25},
  langid = {english}
}

@article{goyal_graph_2018,
  title = {Graph Embedding Techniques, Applications, and Performance: {{A}} Survey},
  shorttitle = {Graph Embedding Techniques, Applications, and Performance},
  author = {Goyal, Palash and Ferrara, Emilio},
  year = {2018},
  month = jul,
  journal = {Knowledge-Based Systems},
  volume = {151},
  pages = {78--94},
  issn = {09507051},
  doi = {10.1016/j.knosys.2018.03.022},
  urldate = {2023-08-10},
  langid = {english}
}

@article{gurau_colored_2012,
  title = {Colored {{Tensor Models}} - a {{Review}}},
  author = {Gurau, Razvan and Ryan, James P.},
  year = {2012},
  month = apr,
  journal = {SIGMA. Symmetry, Integrability and Geometry: Methods and Applications},
  volume = {8},
  pages = {020},
  publisher = {{SIGMA. Symmetry, Integrability and Geometry: Methods and Applications}},
  issn = {18150659},
  doi = {10.3842/SIGMA.2012.020},
  urldate = {2023-09-20},
  langid = {english}
}

@article{holtzman_unbiased_1950,
  title = {The Unbiased Estimate of the Population Variance and Standard Deviation},
  author = {Holtzman, W. H.},
  year = {1950},
  month = oct,
  journal = {The American Journal of Psychology},
  volume = {63},
  number = {4},
  pages = {615--617},
  issn = {0002-9556},
  langid = {english},
  pmid = {14790030}
}

@article{hooft_planar_1974,
  title = {A Planar Diagram Theory for Strong Interactions},
  author = {'t Hooft, G.},
  year = {1974},
  journal = {Nuclear Physics B},
  volume = {72},
  number = {3},
  pages = {461},
  issn = {0550-3213},
  doi = {10.1016/0550-3213(74)90154-0},
  urldate = {2023-02-22},
  langid = {english},
  annotation = {5496 citations (INSPIRE 2023/10/9) 5481 citations w/o self (INSPIRE 2023/10/9)}
}

@article{hu_further_2022,
  title = {Further Investigations into the Graph Theory of $\phi^4$-Periods and the $c_2$ Invariant},
  author = {Hu, Simone and Schnetz, Oliver and Shaw, Jim and Yeats, Karen},
  year = {2022},
  month = dec,
  journal = {Annales de l'Institut Henri Poincar\'e D},
  volume = {9},
  number = {3},
  pages = {473--524},
  issn = {2308-5827},
  doi = {10.4171/AIHPD/123},
  urldate = {2023-07-03},
  langid = {english}
}

@article{johnson_curious_2002,
  title = {The {{Curious History}} of {{Faa}} Du {{Bruno}}'s {{Formula}}},
  author = {Johnson, Warren P.},
  year = {2002},
  journal = {The American Mathematical Monthly},
  volume = {109},
  pages = {217--234},
  urldate = {2022-06-28}
}

@article{kinkelin_ueber_1860,
  title = {{Ueber eine mit der Gammafunction verwandte Transcendente und deren Anwendung auf die Integralrechnung.}},
  author = {Kinkelin, H.},
  year = {1860},
  month = jan,
  journal = {Journal f\"ur die reine und angewandte Mathematik},
  volume = {57},
  pages = {122--138},
  publisher = {{De Gruyter}},
  issn = {1435-5345},
  doi = {10.1515/crll.1860.57.122},
  urldate = {2023-03-01},
  chapter = {Journal f\"ur die reine und angewandte Mathematik},
  langid = {ngerman}
}

@book{kleinert_critical_2001,
  title = {Critical {{Properties}} of $\phi^4$-{{Theories}}},
  author = {Kleinert, Hagen and {Schulte-Frohlinde}, Verena},
  year = {2001},
  publisher = {{World Scientific}},
  isbn = {978-981-4490-79-5},
  langid = {english}
}

@article{komarova_asymptotic_2001,
  title = {Asymptotic {{Behavior}} of {{Renormalization Constants}} in {{Higher Orders}} of the {{Perturbation Expansion}} for the  $(4-\epsilon)$-{{Dimensionally Regularized}}  $O(N)$ Symmetric $\phi^4$ Theory},
  author = {Komarova, M. V. and {M. Yu. Nalimov}},
  year = {2001},
  month = mar,
  journal = {Theoretical and Mathematical Physics},
  volume = {126},
  number = {3},
  pages = {339--353},
  issn = {1573-9333},
  doi = {10.1023/A:1010367917876},
  urldate = {2023-03-01},
  langid = {english}
}

@article{kompaniets_minimally_2017,
  title = {Minimally Subtracted Six Loop Renormalization of $O(n)$  -Symmetric $\phi^4$ Theory and Critical Exponents},
  author = {Kompaniets, Mikhail V. and Panzer, Erik},
  year = {2017},
  month = aug,
  journal = {Physical Review D},
  volume = {96},
  number = {3},
  eprint = {1705.06483},
  primaryclass = {hep-th},
  pages = {036016},
  issn = {2470-0010, 2470-0029},
  doi = {10.1103/PhysRevD.96.036016},
  urldate = {2021-12-19},
  archiveprefix = {arxiv},
  annotation = {155 citations (INSPIRE 2023/10/9) 141 citations w/o self (INSPIRE 2023/10/9)}
}

@incollection{kontsevich_periods_2001,
  title = {Periods},
  booktitle = {Mathematics {{Unlimited}} - 2001 and {{Beyond}}},
  author = {Kontsevich, Maxim and Zagier, Don},
  year = {2001},
  pages = {771--808},
  publisher = {{Springer}},
  langid = {english}
}

@article{kreimer_quantum_2015,
  title = {Quantum Fields, Periods and Algebraic Geometry},
  author = {Kreimer, Dirk},
  year = {2015},
  volume = {648},
  eprint = {1405.4964},
  primaryclass = {hep-th},
  pages = {153--168},
  doi = {10.48550/arXiv.1405.4964},
  urldate = {2022-07-14},
  archiveprefix = {arxiv},
  annotation = {6 citations (INSPIRE 2023/10/9) 4 citations w/o self (INSPIRE 2023/10/9)}
}

@article{laradji_results_2021,
  title = {Some Results on Double Triangle Descendants of \${{K}}\_5\$},
  author = {Laradji, Mohamed and Mishna, Marni and Yeats, Karen},
  year = {2021},
  month = sep,
  journal = {Annales de l'Institut Henri Poincar\'e D},
  volume = {8},
  number = {4},
  pages = {537--581},
  issn = {2308-5827},
  doi = {10.4171/aihpd/110},
  urldate = {2023-10-28},
  langid = {english}
}

@phdthesis{martin_enumerations_1977,
  type = {{thesis}},
  title = {{Enum\'erations eul\'eriennes dans les multigraphes et invariants de Tutte-Grothendieck}},
  author = {Martin, Pierre},
  year = {1977},
  month = mar,
  urldate = {2022-05-05},
  langid = {french},
  school = {Institut National Polytechnique de Grenoble - INPG ; Universit\'e Joseph-Fourier - Grenoble I}
}

@article{mcdiarmid_random_2005,
  title = {Random Planar Graphs},
  author = {McDiarmid, Colin and Steger, Angelika and Welsh, Dominic J. A.},
  year = {2005},
  month = mar,
  journal = {Journal of Combinatorial Theory, Series B},
  volume = {93},
  number = {2},
  pages = {187--205},
  issn = {0095-8956},
  doi = {10.1016/j.jctb.2004.09.007},
  urldate = {2023-04-06},
  langid = {english}
}

@article{mckane_nonperturbative_1984,
  title = {Non-Perturbative Renormalisation Using Dimensional Regularisation: Applications to the {$\epsilon$} Expansion},
  shorttitle = {Non-Perturbative Renormalisation Using Dimensional Regularisation},
  author = {McKane, A. J. and Wallace, D. J. and Bonfim, O. F. de Alcantara},
  year = {1984},
  month = jun,
  journal = {Journal of Physics A: Mathematical and General},
  volume = {17},
  number = {9},
  pages = {1861--1876},
  publisher = {{IOP Publishing}},
  issn = {0305-4470},
  doi = {10.1088/0305-4470/17/9/021},
  urldate = {2021-12-19},
  langid = {english}
}

@article{mckane_perturbation_2019,
  title = {Perturbation Expansions at Large Order: {{Results}} for Scalar Field Theories Revisited},
  shorttitle = {Perturbation Expansions at Large Order},
  author = {McKane, Alan J.},
  year = {2019},
  month = jan,
  journal = {Journal of Physics A: Mathematical and Theoretical},
  volume = {52},
  number = {5},
  eprint = {1807.00656},
  primaryclass = {hep-th},
  pages = {055401},
  issn = {1751-8113, 1751-8121},
  doi = {10.1088/1751-8121/aaf768},
  urldate = {2021-09-14},
  archiveprefix = {arxiv},
  annotation = {12 citations (INSPIRE 2023/10/9) 12 citations w/o self (INSPIRE 2023/10/9)}
}

@article{mckay_automorphisms_1984,
  title = {Automorphisms of Random Graphs with Specified Vertices},
  author = {McKay, B. D. and Wormald, N. C.},
  year = {1984},
  month = dec,
  journal = {Combinatorica},
  volume = {4},
  number = {4},
  pages = {325--338},
  issn = {1439-6912},
  doi = {10.1007/BF02579144},
  urldate = {2023-03-08},
  langid = {english}
}

@article{mckay_expected_1981,
  title = {The Expected Eigenvalue Distribution of a Large Regular Graph},
  author = {McKay, Brendan D.},
  year = {1981},
  month = oct,
  journal = {Linear Algebra and its Applications},
  volume = {40},
  pages = {203--216},
  issn = {0024-3795},
  doi = {10.1016/0024-3795(81)90150-6},
  urldate = {2023-09-28}
}

@article{mckay_practical_2014,
  title = {Practical Graph Isomorphism, {{II}}},
  author = {McKay, Brendan D. and Piperno, Adolfo},
  year = {2014},
  month = jan,
  journal = {Journal of Symbolic Computation},
  volume = {60},
  pages = {94--112},
  issn = {0747-7171},
  doi = {10.1016/j.jsc.2013.09.003},
  urldate = {2022-01-24},
  langid = {english}
}

@article{meringer_fast_1999,
  title = {Fast Generation of Regular Graphs and Construction of Cages},
  author = {Meringer, Markus},
  year = {1999},
  journal = {Journal of Graph Theory},
  volume = {30},
  number = {2},
  pages = {137--146},
  issn = {1097-0118},
  doi = {10.1002/(SICI)1097-0118(199902)30:2<137::AID-JGT7>3.0.CO;2-G},
  urldate = {2023-04-06},
  langid = {english}
}

@misc{meringer_regular_2009,
  title = {Regular {{Graphs Page}}},
  author = {Meringer, Markus},
  year = {2009},
  month = jun,
  journal = {Regular Graphs Page},
  urldate = {2023-04-06},
  howpublished = {https://www.mathe2.uni-bayreuth.de/markus/reggraphs.html}
}

@book{nakanishi_graph_1971,
  title = {Graph {{Theory}} and {{Feynman Integrals}}},
  author = {Nakanishi, Noboru},
  year = {1971},
  series = {Mathematics and Its Applications},
  volume = {11},
  publisher = {{Gordon and Breach, Science Publishers, Inc}},
  address = {{New York London Paris}},
  urldate = {2022-06-08},
  langid = {english}
}

@misc{nasrollahpoursamami_periods_2016,
  title = {Periods of {{Feynman Diagrams}} and {{GKZ D-Modules}}},
  author = {Nasrollahpoursamami, Emad},
  year = {2016},
  month = jun,
  number = {arXiv:1605.04970},
  eprint = {1605.04970},
  primaryclass = {math-ph},
  publisher = {{arXiv}},
  doi = {10.48550/arXiv.1605.04970},
  urldate = {2022-07-25},
  archiveprefix = {arxiv}
}

@article{nickel_compilation_1977,
  title = {Compilation of 2-Pt. and 4-Pt. Graphs for Continuous Spin Models},
  author = {Nickel, Bernahrd G. and Meiron, Daniel I. and Baker, Jr., George A.},
  year = {1977},
  journal = {University of Guelph Report}
}

@misc{oeis,
  title = {The {{On-Line Encyclopedia}} of {{Integer Sequences}}},
  author = {Sloane (editor), N. J. A.},
  year = {2023},
  urldate = {2021-01-20},
  howpublished = {https://oeis.org}
}

@article{panzer_analytic_2013,
  title = {On the Analytic Computation of Massless Propagators in Dimensional Regularization},
  author = {Panzer, Erik},
  year = {2013},
  month = sep,
  journal = {Nuclear Physics B},
  volume = {874},
  number = {2},
  eprint = {1305.2161},
  primaryclass = {hep-th},
  pages = {567--593},
  issn = {05503213},
  doi = {10.1016/j.nuclphysb.2013.05.025},
  urldate = {2019-09-17},
  archiveprefix = {arxiv},
  annotation = {42 citations (INSPIRE 2023/10/9) 33 citations w/o self (INSPIRE 2023/10/9)}
}

@phdthesis{panzer_feynman_2015,
  type = {Doctoral {{Thesis}}},
  title = {Feynman Integrals and Hyperlogarithms},
  author = {Panzer, Erik},
  year = {2015},
  month = mar,
  eprint = {1506.07243},
  primaryclass = {math-ph},
  address = {{Berlin}},
  urldate = {2019-09-17},
  archiveprefix = {arxiv},
  langid = {english},
  school = {Humboldt-Universit\"at zu Berlin},
  annotation = {118 citations (INSPIRE 2023/10/9) 110 citations w/o self (INSPIRE 2023/10/9)}
}

@misc{panzer_feynman_2023,
  title = {Feynman Symmetries of the {{Martin}} and $c_2$ Invariants of Regular Graphs},
  author = {Panzer, Erik and Yeats, Karen},
  year = {2023},
  month = apr,
  number = {arXiv:2304.05299},
  eprint = {2304.05299},
  primaryclass = {hep-th, physics:math-ph},
  publisher = {{arXiv}},
  doi = {10.48550/arXiv.2304.05299},
  urldate = {2023-05-02},
  archiveprefix = {arxiv}
}

@article{panzer_galois_2017,
  title = {The {{Galois}} Coaction on $\phi^4$ Periods},
  author = {Panzer, Erik and Schnetz, Oliver},
  year = {2017},
  journal = {Communications in Number Theory and Physics},
  volume = {11},
  number = {3},
  eprint = {1603.04289},
  pages = {657--705},
  issn = {19314523, 19314531},
  doi = {10.4310/CNTP.2017.v11.n3.a3},
  urldate = {2021-10-19},
  archiveprefix = {arxiv}
}

@article{panzer_hepp_2022,
  title = {Hepp's Bound for {{Feynman}} Graphs and Matroids},
  author = {Panzer, Erik},
  year = {2022},
  month = dec,
  journal = {Annales de l'Institut Henri Poincar\'e D},
  volume = {10},
  number = {1},
  pages = {31--119},
  issn = {2308-5827},
  doi = {10.4171/aihpd/126},
  urldate = {2023-07-03},
  langid = {english}
}

@article{pelissetto_critical_2002,
  title = {Critical Phenomena and Renormalization-Group Theory},
  author = {Pelissetto, Andrea and Vicari, Ettore},
  year = {2002},
  month = oct,
  journal = {Physics Reports},
  volume = {368},
  number = {6},
  pages = {549--727},
  issn = {0370-1573},
  doi = {10.1016/S0370-1573(02)00219-3},
  urldate = {2023-04-10},
  langid = {english}
}

@article{richardson_approximate_1911,
  title = {The Approximate Arithmetical Solution by Finite Differences of Physical Problems Involving Differential Equations, with an Application to the Stresses in a Masonry Dam},
  author = {Richardson, Lewis Fry and Glazebrook, Richard Tetley},
  year = {1911},
  month = jan,
  journal = {Philosophical Transactions of the Royal Society of London. Series A},
  volume = {210},
  pages = {307--357},
  publisher = {{Royal Society}},
  doi = {10.1098/rsta.1911.0009},
  urldate = {2022-01-20}
}

@article{richmond_random_1988,
  title = {Random {{Triangulations}} of the {{Plane}}},
  author = {Richmond, L. Bruce and Wormald, Nicholas C.},
  year = {1988},
  month = jan,
  journal = {European Journal of Combinatorics},
  volume = {9},
  number = {1},
  pages = {61--71},
  issn = {0195-6698},
  doi = {10.1016/S0195-6698(88)80028-3},
  urldate = {2023-04-06},
  langid = {english}
}

@misc{schnetz_hyperlogprocedures_2023,
  title = {{{HyperlogProcedures}}},
  author = {Schnetz, Oliver},
  year = {2023},
  month = jun,
  address = {{Erlangen}},
  annotation = {https://www.math.fau.de/person/oliver-schnetz/}
}

@article{schnetz_numbers_2018,
  title = {Numbers and {{Functions}} in {{Quantum Field Theory}}},
  author = {Schnetz, Oliver},
  year = {2018},
  month = apr,
  journal = {Physical Review D},
  volume = {97},
  number = {8},
  eprint = {1606.08598},
  primaryclass = {hep-th},
  pages = {085018},
  issn = {2470-0010, 2470-0029},
  doi = {10.1103/PhysRevD.97.085018},
  urldate = {2019-09-04},
  archiveprefix = {arxiv},
  annotation = {107 citations (INSPIRE 2023/10/9) 97 citations w/o self (INSPIRE 2023/10/9)}
}

@article{schnetz_phi_2023,
  title = {$\phi^{4}$ Theory at Seven Loops},
  author = {Schnetz, Oliver},
  year = {2023},
  month = feb,
  journal = {Physical Review D},
  volume = {107},
  number = {3},
  pages = {036002},
  publisher = {{American Physical Society}},
  doi = {10.1103/PhysRevD.107.036002},
  urldate = {2023-09-30}
}

@article{schnetz_quantum_2010,
  title = {Quantum Periods: {{A}} Census of  $\phi^4$-Transcendentals},
  shorttitle = {Quantum Periods},
  author = {Schnetz, Oliver},
  year = {2010},
  journal = {Commun.Num.Theor.Phys.},
  volume = {4},
  eprint = {0801.2856},
  pages = {1--48},
  urldate = {2021-10-29},
  archiveprefix = {arxiv}
}

@article{schnetz_quantum_2011,
  title = {{Quantum field theory over  $F_q$}},
  author = {Schnetz, Oliver},
  year = {2011},
  month = apr,
  journal = {The Electronic Journal of Combinatorics},
  volume = {18},
  number = {1},
  eprint = {0909.0905},
  primaryclass = {hep-th},
  pages = {102},
  doi = {10.48550/arXiv.0909.0905},
  urldate = {2023-05-07},
  archiveprefix = {arxiv},
  langid = {Englisch}
}

@article{shenton_development_1975,
  title = {The {{Development}} of {{Techniques}} for the {{Evaluation}} of {{Sampling Moments}}},
  author = {Shenton, L. R. and Bowman, K. O.},
  year = {1975},
  journal = {International Statistical Review / Revue Internationale de Statistique},
  volume = {43},
  number = {3},
  eprint = {1403115},
  eprinttype = {jstor},
  pages = {317--334},
  publisher = {{[Wiley, International Statistical Institute (ISI)]}},
  issn = {0306-7734},
  doi = {10.2307/1403115},
  urldate = {2023-10-04}
}

@misc{siek_boost_2001,
  title = {The {{Boost Graph Library}} - 1.82.0},
  author = {Siek, Jeremy and Lee, Lie-Quan and Lumsdaine, Andrew},
  year = {2001},
  urldate = {2023-04-24},
  howpublished = {https://www.boost.org/doc/libs/1\_82\_0/libs/graph/doc/index.html}
}

@book{tille_sampling_2020,
  title = {Sampling and {{Estimation}} from {{Finite Populations}}},
  author = {Till{\'e}, Yves},
  year = {2020},
  publisher = {{John Wiley \& Sons, Ltd}},
  doi = {10.1002/9781119071259.ch15},
  urldate = {2023-10-01},
  chapter = {15},
  isbn = {978-1-119-07125-9},
  langid = {english}
}

@incollection{todorov_polylogarithms_2014,
  title = {Polylogarithms and {{Multizeta Values}} in {{Massless Feynman Amplitudes}}},
  booktitle = {Lie {{Theory}} and {{Its Applications}} in {{Physics}}},
  author = {Todorov, Ivan},
  editor = {Dobrev, Vladimir},
  year = {2014},
  volume = {111},
  pages = {155--176},
  publisher = {{Springer Japan}},
  address = {{Tokyo}},
  doi = {10.1007/978-4-431-55285-7_10},
  urldate = {2019-06-03},
  isbn = {978-4-431-55284-0},
  langid = {english}
}

@article{tutte_census_1962,
  title = {A {{Census}} of {{Planar Triangulations}}},
  author = {Tutte, W. T.},
  year = {1962/ed},
  journal = {Canadian Journal of Mathematics},
  volume = {14},
  pages = {21--38},
  publisher = {{Cambridge University Press}},
  issn = {0008-414X, 1496-4279},
  doi = {10.4153/CJM-1962-002-9},
  urldate = {2023-04-06},
  langid = {english}
}

@article{wilson_renormalization_1974,
  title = {The Renormalization Group and the {$\epsilon$} Expansion},
  author = {Wilson, Kenneth G. and Kogut, J.},
  year = {1974},
  month = aug,
  journal = {Physics Reports},
  volume = {12},
  number = {2},
  pages = {75--199},
  issn = {0370-1573},
  doi = {10.1016/0370-1573(74)90023-4},
  urldate = {2020-01-05},
  langid = {english}
}

@article{wormald_asymptotic_1981,
  title = {The Asymptotic Connectivity of Labelled Regular Graphs},
  author = {Wormald, Nicholas C.},
  year = {1981},
  month = oct,
  journal = {Journal of Combinatorial Theory, Series B},
  volume = {31},
  number = {2},
  pages = {156--167},
  issn = {0095-8956},
  doi = {10.1016/S0095-8956(81)80021-4},
  urldate = {2023-04-05},
  langid = {english}
}

@article{wormald_asymptotic_1981a,
  title = {The Asymptotic Distribution of Short Cycles in Random Regular Graphs},
  author = {Wormald, Nicholas C.},
  year = {1981},
  month = oct,
  journal = {Journal of Combinatorial Theory, Series B},
  volume = {31},
  number = {2},
  pages = {168--182},
  issn = {0095-8956},
  doi = {10.1016/S0095-8956(81)80022-6},
  urldate = {2023-09-28}
}

@incollection{wormald_models_1999,
  title = {Models of {{Random Regular Graphs}}},
  booktitle = {Surveys in {{Combinatorics}}, 1999},
  author = {Wormald, N. C.},
  year = {1999},
  month = jul,
  series = {London {{Mathematical Society Lecture Note Series}}},
  number = {267},
  pages = {239--298},
  publisher = {{Cambridge University Press}},
  doi = {10.1017/CBO9780511721335.010},
  urldate = {2023-02-28},
  langid = {english}
}
