@article{zhiqiang2017nonequilibrium,
  title={Nonequilibrium phase transition in a spin-1 Dicke model},
  author={Zhiqiang, Zhang and Lee, Chern Hui and Kumar, Ravi and Arnold, KJ and Masson, Stuart J and Parkins, AS and Barrett, MD},
  journal={Optica},
  volume={4},
  number={4},
  pages={424--429},
  year={2017},
  publisher={Optical Society of America}
}

@article{klinder2015observation,
  title={Observation of a superradiant Mott insulator in the Dicke-Hubbard model},
  author={Klinder, Jens and Ke{\ss}ler, Hans and Bakhtiari, M Reza and Thorwart, M and Hemmerich, Andreas},
  journal={Phys. Rev. Lett.},
  volume={115},
  number={23},
  pages={230403},
  year={2015},
  publisher={APS}
}

@article{johnson2011quantum,
  title={Quantum annealing with manufactured spins},
  author={Johnson, Mark W and Amin, Mohammad HS and Gildert, Suzanne and Lanting, Trevor and Hamze, Firas and Dickson, Neil and Harris, Richard and Berkley, Andrew J and Johansson, Jan and Bunyk, Paul and others},
  journal={Nature},
  volume={473},
  number={7346},
  pages={194--198},
  year={2011},
  publisher={Nature Publishing Group}
}

@article{landini2018formation,
  title={Formation of a spin texture in a quantum gas coupled to a cavity},
  author={Landini, Manuele and Dogra, Nishant and Kr{\"o}ger, Katrin and Hruby, Lorenz and Donner, T and Esslinger, Tilman},
  journal={Phys. Rev. Lett.},
  volume={120},
  number={22},
  pages={223602},
  year={2018},
  publisher={APS}
}

@article{rudner2011generating,
  title={Generating entanglement and squeezed states of nuclear spins in quantum dots},
  author={Rudner, MS and Vandersypen, LMK and Vuleti{\'c}, V and Levitov, LS},
  journal={Phys. Rev. Lett.},
  volume={107},
  number={20},
  pages={206806},
  year={2011},
  publisher={APS}
}

@article{borish2020transverse,
  title={Transverse-Field {I}sing Dynamics in a {R}ydberg-Dressed Atomic Gas},
  author={Borish, Victoria and Markovi{\'c}, Ognjen and Hines, Jacob A and Rajagopal, Shankari V and Schleier-Smith, Monika},
  journal={Phys. Rev. Lett.},
  volume={124},
  number={6},
  pages={063601},
  year={2020},
  publisher={APS}
}

@article{gil2014spin,
  title={Spin squeezing in a {R}ydberg lattice clock},
  author={Gil, LIR and Mukherjee, R and Bridge, EM and Jones, MPA and Pohl, T},
  journal={Phys. Rev. Lett.},
  volume={112},
  number={10},
  pages={103601},
  year={2014},
  publisher={APS}
}

@article{anderson1973resonating,
  title={Resonating valence bonds: A new kind of insulator?},
  author={Anderson, Philip W},
  journal={Materials Research Bulletin},
  volume={8},
  number={2},
  pages={153--160},
  year={1973},
  publisher={Elsevier}
}

@article{landini2018formation,
  title={Formation of a spin texture in a quantum gas coupled to a cavity},
  author={Landini, Manuele and Dogra, Nishant and Kr{\"o}ger, Katrin and Hruby, Lorenz and Donner, T and Esslinger, Tilman},
  journal={Phys. Rev. Lett.},
  volume={120},
  number={22},
  pages={223602},
  year={2018},
  publisher={APS}
}

@article{masson2019rapid,
  title={Rapid production of many-body entanglement in spin-1 atoms via cavity output photon counting},
  author={Masson, Stuart J and Parkins, Scott},
  journal={Phys. Rev. Lett.},
  volume={122},
  number={10},
  pages={103601},
  year={2019},
  publisher={APS}
}

@article{davis2016approaching,
  title={Approaching the Heisenberg limit without single-particle detection},
  author={Davis, Emily and Bentsen, Gregory and Schleier-Smith, Monika},
  journal={Phys. Rev. Lett.},
  volume={116},
  number={5},
  pages={053601},
  year={2016},
  publisher={APS}
}

@article{sewell2012magnetic,
  title={Magnetic sensitivity beyond the projection noise limit by spin squeezing},
  author={Sewell, RJ and Koschorreck, M and Napolitano, M and Dubost, B and Behbood, N and Mitchell, MW},
  journal={Phys. Rev. Lett.},
  volume={109},
  number={25},
  pages={253605},
  year={2012},
  publisher={APS}
}

@article{ockeloen2013quantum,
  title={Quantum metrology with a scanning probe atom interferometer},
  author={Ockeloen, Caspar F and Schmied, Roman and Riedel, Max F and Treutlein, Philipp},
  journal={Phys. Rev. Lett.},
  volume={111},
  number={14},
  pages={143001},
  year={2013},
  publisher={APS}
}

@article{gross2010nonlinear,
  title={Nonlinear atom interferometer surpasses classical precision limit},
  author={Gross, Christian and Zibold, Tilman and Nicklas, Eike and Esteve, Jerome and Oberthaler, Markus K},
  journal={Nature},
  volume={464},
  number={7292},
  pages={1165},
  year={2010},
  publisher={Nature Publishing Group}
}

@article{chiacchio2019dissipation,
  title={Dissipation-induced instabilities of a spinor {B}ose-{E}instein condensate inside an optical cavity},
  author={Chiacchio, EI Rodr{\'\i}guez and Nunnenkamp, Andreas},
  journal={Phys. Rev. Lett.},
  volume={122},
  number={19},
  pages={193605},
  year={2019},
  publisher={APS}
}

@article{barontini2015deterministic,
    author = {Barontini, Giovanni and Hohmann, Leander and Haas, Florian and Est{\`e}ve, J{\'e}r{\^o}me and Reichel, Jakob},
	title = {Deterministic generation of multiparticle entanglement by quantum {Z}eno dynamics},
	volume = {349},
	number = {6254},
	pages = {1317--1321},
	year = {2015},
	doi = {10.1126/science.aaa0754},
	journal = {Science}
}

@article{mudry1989ground,
  title={Ground states of infinite-range spin-(1/2 quantum Heisenberg antiferromagnets},
  author={Mudry, Christopher and Fradkin, Eduardo},
  journal={Phys. Rev. B},
  volume={40},
  number={16},
  pages={11177},
  year={1989},
  publisher={APS}
}

@article{potirniche2017floquet,
  title={Floquet symmetry-protected topological phases in cold-atom systems},
  author={Potirniche, I-D and Potter, Andrew C and Schleier-Smith, Monika and Vishwanath, Ashvin and Yao, Norman Y},
  journal={Phys. Rev. Lett.},
  volume={119},
  number={12},
  pages={123601},
  year={2017},
  publisher={APS}
}

@article{choi2017observation,
  title={Observation of discrete time-crystalline order in a disordered dipolar many-body system},
  author={Choi, Soonwon and Choi, Joonhee and Landig, Renate and Kucsko, Georg and Zhou, Hengyun and Isoya, Junichi and Jelezko, Fedor and Onoda, Shinobu and Sumiya, Hitoshi and Khemani, Vedika and others},
  journal={Nature},
  volume={543},
  number={7644},
  pages={221},
  year={2017},
  publisher={Nature Publishing Group}
}

@article{mazurenko2017cold,
  title={A cold-atom Fermi--Hubbard antiferromagnet},
  author={Mazurenko, Anton and Chiu, Christie S and Ji, Geoffrey and Parsons, Maxwell F and Kan{\'a}sz-Nagy, M{\'a}rton and Schmidt, Richard and Grusdt, Fabian and Demler, Eugene and Greif, Daniel and Greiner, Markus},
  journal={Nature},
  volume={545},
  number={7655},
  pages={462},
  year={2017},
  publisher={Nature Publishing Group}
}

@article{trotzky2008time,
  title={Time-resolved observation and control of superexchange interactions with ultracold atoms in optical lattices},
  author={Trotzky, Stefan and Cheinet, Patrick and F{\"o}lling, Simon and Feld, Michael and Schnorrberger, Ute and Rey, Ana Maria and Polkovnikov, Anatoli and Demler, Eugene A and Lukin, Mikhail D and Bloch, Immanuel},
  journal={Science},
  volume={319},
  number={5861},
  pages={295--299},
  year={2008},
  publisher={American Association for the Advancement of Science}
}

@article{guardado2018probing,
  title={Probing the quench dynamics of antiferromagnetic correlations in a 2D quantum {I}sing spin system},
  author={Guardado-Sanchez, Elmer and Brown, Peter T and Mitra, Debayan and Devakul, Trithep and Huse, David A and Schau{\ss}, Peter and Bakr, Waseem S},
  journal={Phys. Rev. X},
  volume={8},
  number={2},
  pages={021069},
  year={2018},
  publisher={APS}
}

@article{Greif_2013,
   title={Short-Range Quantum Magnetism of Ultracold Fermions in an Optical Lattice},
   volume={340},
   ISSN={1095-9203},
   url={http://dx.doi.org/10.1126/science.1236362},
   DOI={10.1126/science.1236362},
   number={6138},
   journal={Science},
   publisher={American Association for the Advancement of Science (AAAS)},
   author={Greif, D. and Uehlinger, T. and Jotzu, G. and Tarruell, L. and Esslinger, T.},
   year={2013},
   month={May},
   pages={1307â€“1310}
}

@article{sachdev2008quantum,
  title={Quantum magnetism and criticality},
  author={Sachdev, Subir},
  journal={Nat. Phys.},
  volume={4},
  number={3},
  pages={173},
  year={2008},
  publisher={Nature Publishing Group}
}

@article{kitaev2006anyons,
  title={Anyons in an exactly solved model and beyond},
  author={Kitaev, Alexei},
  journal={Annals of Physics},
  volume={321},
  number={1},
  pages={2--111},
  year={2006},
  publisher={Elsevier}
}

@article{morrison2008dynamical,
  title={Dynamical quantum phase transitions in the dissipative Lipkin-Meshkov-Glick model with proposed realization in optical cavity {QED}},
  author={Morrison, S and Parkins, AS},
  journal={Phys. Rev. Lett.},
  volume={100},
  number={4},
  pages={040403},
  year={2008},
  publisher={APS}
}


@article{davis2018painting,
  title={Painting nonclassical states of spin or motion with shaped single photons},
  author={Davis, Emily J and Wang, Zhaoyou and Safavi-Naeini, Amir H and Schleier-Smith, Monika H},
  journal={Phys. Rev. Lett.},
  volume={121},
  number={12},
  pages={123602},
  year={2018},
  publisher={APS}
}

@article{lucas2014ising,
  title={Ising formulations of many {NP} problems},
  author={Lucas, Andrew},
  journal={Frontiers in Physics},
  volume={2},
  pages={5},
  year={2014},
  publisher={Frontiers}
}

@article{deutsch2010spin,
  title={Spin self-rephasing and very long coherence times in a trapped atomic ensemble},
  author={Deutsch, Christian and Ramirez-Martinez, Fernando and Lacro{\^u}te, Clement and Reinhard, Friedemann and Schneider, Tobias and Fuchs, Jean-No{\"e}l and Pi{\'e}chon, Fr{\'e}d{\'e}ric and Lalo{\"e}, Franck and Reichel, Jakob and Rosenbusch, Peter},
  journal={Phys. Rev. Lett.},
  volume={105},
  number={2},
  pages={020401},
  year={2010},
  publisher={APS}
}


@article{mcconnell2015entanglement,
  title={Entanglement with negative Wigner function of almost 3,000 atoms heralded by one photon},
  author={McConnell, Robert and Zhang, Hao and Hu, Jiazhong and {\'C}uk, Senka and Vuleti{\'c}, Vladan},
  journal={Nature},
  volume={519},
  number={7544},
  pages={439},
  year={2015},
  publisher={Nature Publishing Group}
}

@article{gopalakrishnan2011frustration,
  title={Frustration and glassiness in spin models with cavity-mediated interactions},
  author={Gopalakrishnan, Sarang and Lev, Benjamin L and Goldbart, Paul M},
  journal={Phys. Rev. Lett.},
  volume={107},
  number={27},
  pages={277201},
  year={2011},
  doi = {10.1103/PhysRevLett.107.277201},
  publisher={APS}
}

@article{stanford2017fermionic,
  title={Fermionic localization of the Schwarzian theory},
  author={Stanford, Douglas and Witten, Edward},
  journal={J. High Energy Phys.},
  volume={2017},
  number={10},
  pages={8},
  year={2017},
  publisher={Springer}
}

@article{jensen2016chaos,
  title={Chaos in AdS 2 holography},
  author={Jensen, Kristan},
  journal={Phys. Rev. Lett.},
  volume={117},
  number={11},
  pages={111601},
  year={2016},
  publisher={APS}
}


@article{sachdev2015bekenstein,
  title={{B}ekenstein-{H}awking entropy and strange metals},
  author={Sachdev, Subir},
  journal={Phys. Rev. X},
  volume={5},
  number={4},
  pages={041025},
  year={2015},
  publisher={APS}
}

@article{sachdev1993gapless,
  title={Gapless spin-fluid ground state in a random quantum {H}eisenberg magnet},
  author={Sachdev, Subir and Ye, Jinwu},
  journal={Phys. Rev. Lett.},
  volume={70},
  number={21},
  pages={3339},
  year={1993},
  publisher={APS}
}

@article{swingle2016measuring,
  title={Measuring the scrambling of quantum information},
  author={Swingle, Brian and Bentsen, Gregory and Schleier-Smith, Monika and Hayden, Patrick},
  journal={Phys. Rev. A},
  volume={94},
  number={4},
  pages={040302},
  year={2016},
  publisher={APS}
}

@article{bentsen2019integrable,
  title = {Integrable and Chaotic Dynamics of Spins Coupled to an Optical Cavity},
  author = {Bentsen, Gregory and Potirniche, Ionut-Dragos and Bulchandani, Vir B. and Scaffidi, Thomas and Cao, Xiangyu and Qi, Xiao-Liang and Schleier-Smith, Monika and Altman, Ehud},
  journal = {Phys. Rev. X},
  volume = {9},
  issue = {4},
  pages = {041011},
  numpages = {17},
  year = {2019},
  month = {Oct},
  publisher = {American Physical Society},
  doi = {10.1103/PhysRevX.9.041011},
  url = {https://link.aps.org/doi/10.1103/PhysRevX.9.041011}
}


@article{hosten2016quantum,
  title={Quantum phase magnification},
  author={Hosten, Onur and Krishnakumar, Radha and Engelsen, Nils J and Kasevich, Mark A},
  journal={Science},
  volume={352},
  number={6293},
  pages={1552--1555},
  year={2016},
  publisher={American Association for the Advancement of Science}
}

@article{strack2011dicke,
  title={Dicke quantum spin glass of atoms and photons},
  author={Strack, Philipp and Sachdev, Subir},
  journal={Phys. Rev. Lett.},
  volume={107},
  number={27},
  pages={277202},
  year={2011},
  doi = {10.1103/PhysRevLett.107.277202},
  publisher={APS}
}

@article{mertens1999complete,
  title={A complete anytime algorithm for balanced number partitioning},
  author={Mertens, Stephan},
  journal={arXiv:9903011[cs]},
  year={1999}
}

@article{bentsen2019treelike,
  title = {Treelike Interactions and Fast Scrambling with Cold Atoms},
  author = {Bentsen, Gregory and Hashizume, Tomohiro and Buyskikh, Anton S. and Davis, Emily J. and Daley, Andrew J. and Gubser, Steven S. and Schleier-Smith, Monika},
  journal = {Phys. Rev. Lett.},
  volume = {123},
  issue = {13},
  pages = {130601},
  numpages = {6},
  year = {2019},
  month = {Sep},
  publisher = {American Physical Society},
  doi = {10.1103/PhysRevLett.123.130601},
  url = {https://link.aps.org/doi/10.1103/PhysRevLett.123.130601}
}


@article{luo2017deterministic,
  title={Deterministic entanglement generation from driving through quantum phase transitions},
  author={Luo, Xin-Yu and Zou, Yi-Quan and Wu, Ling-Na and Liu, Qi and Han, Ming-Fei and Tey, Meng Khoon and You, Li},
  journal={Science},
  volume={355},
  number={6325},
  pages={620--623},
  year={2017},
  publisher={American Association for the Advancement of Science}
}

@article{bernien2017probing,
  title={Probing many-body dynamics on a 51-atom quantum simulator},
  author={Bernien, Hannes and Schwartz, Sylvain and Keesling, Alexander and Levine, Harry and Omran, Ahmed and Pichler, Hannes and Choi, Soonwon and Zibrov, Alexander S and Endres, Manuel and Greiner, Markus and others},
  journal={Nature},
  volume={551},
  number={7682},
  pages={579},
  year={2017},
  publisher={Nature Publishing Group}
}

@article{greif2013short,
  title={Short-range quantum magnetism of ultracold fermions in an optical lattice},
  author={Greif, Daniel and Uehlinger, Thomas and Jotzu, Gregor and Tarruell, Leticia and Esslinger, Tilman},
  journal={Science},
  volume={340},
  number={6138},
  pages={1307--1310},
  year={2013},
  publisher={American Association for the Advancement of Science}
}

@article{simon2011quantum,
  title={Quantum simulation of antiferromagnetic spin chains in an optical lattice},
  author={Simon, Jonathan and Bakr, Waseem S and Ma, Ruichao and Tai, M Eric and Preiss, Philipp M and Greiner, Markus},
  journal={Nature},
  volume={472},
  number={7343},
  pages={307},
  year={2011},
  publisher={Nature Publishing Group}
}

@article{vaidya2018tunable,
  title = {Tunable-Range, Photon-Mediated Atomic Interactions in Multimode Cavity {QED}},
  author = {Vaidya, Varun D. and Guo, Yudan and Kroeze, Ronen M. and Ballantine, Kyle E. and Koll\'ar, Alicia J. and Keeling, Jonathan and Lev, Benjamin L.},
  journal = {Phys. Rev. X},
  volume = {8},
  issue = {1},
  pages = {011002},
  numpages = {17},
  year = {2018},
  month = {Jan},
  publisher = {American Physical Society},
  doi = {10.1103/PhysRevX.8.011002}
}

@article{baumann2010dicke,
  title={Dicke quantum phase transition with a superfluid gas in an optical cavity},
  author={Baumann, Kristian and Guerlin, Christine and Brennecke, Ferdinand and Esslinger, Tilman},
  journal={Nature},
  volume={464},
  number={7293},
  pages={1301},
  year={2010},
  publisher={Nature Publishing Group}
}

@article{norcia2018cavity,
  title={Cavity-mediated collective spin-exchange interactions in a strontium superradiant laser},
  author={Norcia, Matthew A and Lewis-Swan, Robert J and Cline, Julia RK and Zhu, Bihui and Rey, Ana M and Thompson, James K},
  journal={Science},
  volume={361},
  number={6399},
  pages={259--262},
  year={2018},
  publisher={American Association for the Advancement of Science}
}

@article{norcia2018frequency,
  title={Frequency measurements of superradiance from the strontium clock transition},
  author={Norcia, Matthew A and Cline, Julia RK and Muniz, Juan A and Robinson, John M and Hutson, Ross B and Goban, Akihisa and Marti, G Edward and Ye, Jun and Thompson, James K},
  journal={Phys. Rev. X},
  volume={8},
  number={2},
  pages={021036},
  year={2018},
  publisher={APS}
}

@article{kohler2017cavity,
  title={Cavity-assisted measurement and coherent control of collective atomic spin oscillators},
  author={Kohler, Jonathan and Spethmann, Nicolas and Schreppler, Sydney and Stamper-Kurn, Dan M},
  journal={Phys. Rev. Lett.},
  volume={118},
  number={6},
  pages={063604},
  year={2017},
  publisher={APS}
}

@article{leroux2010implementation,
  title = {Implementation of Cavity Squeezing of a Collective Atomic Spin},
  author = {Leroux, Ian D. and Schleier-Smith, Monika H. and Vuleti\ifmmode \acute{c}\else \'{c}\fi{}, Vladan},
  journal = {Phys. Rev. Lett.},
  volume = {104},
  issue = {7},
  pages = {073602},
  numpages = {4},
  year = {2010},
  month = {Feb},
  publisher = {American Physical Society},
  doi = {10.1103/PhysRevLett.104.073602},
  url = {https://link.aps.org/doi/10.1103/PhysRevLett.104.073602}
}

@article {norcia2018cavity,
	author = {Norcia, Matthew A. and Lewis-Swan, Robert J. and Cline, Julia R. K. and Zhu, Bihui and Rey, Ana M. and Thompson, James K.},
	title = {Cavity-mediated collective spin-exchange interactions in a strontium superradiant laser},
	volume = {361},
	number = {6399},
	pages = {259--262},
	year = {2018},
	doi = {10.1126/science.aar3102},
	publisher = {American Association for the Advancement of Science},
	abstract = {Ensembles of atoms have emerged as powerful simulators of many-body dynamics. Engineering controllable interactions between the atoms is crucial, be it direct or through a mediator. Norcia et al. developed a flexible alternative to existing atomic simulators in a system consisting of strontium atoms placed in an optical cavity. Two atomic states connected by a clock transition each served as an effective spin, with long-range spin-exchange interactions mediated by the cavity photons. With improvements, the setup is expected to be amenable to simulating nonequilibrium quantum dynamics and to have applications in metrology.Science, this issue p. 259Laser-cooled and quantum degenerate atoms are being pursued as quantum simulators and form the basis of today{\textquoteright}s most precise sensors. A key challenge toward these goals is to understand and control coherent interactions between the atoms. We observe long-range exchange interactions mediated by an optical cavity, which manifest as tunable spin-spin interactions on the pseudo spin-{\textonehalf} system composed of the millihertz linewidth clock transition in strontium. This leads to one-axis twisting dynamics, the emergence of a many-body energy gap, and gap protection of the optical coherence against certain sources of decoherence. Our observations will aid in the future design of versatile quantum simulators and the next generation of atomic clocks that use quantum correlations for enhanced metrology.},
	issn = {0036-8075},
	URL = {http://science.sciencemag.org/content/361/6399/259},
	eprint = {http://science.sciencemag.org/content/361/6399/259.full.pdf},
	journal = {Science}
}

@article{davis2019photon,
  title = {Photon-Mediated Spin-Exchange Dynamics of Spin-1 Atoms},
  author = {Davis, Emily J. and Bentsen, Gregory and Homeier, Lukas and Li, Tracy and Schleier-Smith, Monika H.},
  journal = {Phys. Rev. Lett.},
  volume = {122},
  issue = {1},
  pages = {010405},
  numpages = {6},
  year = {2019},
  month = {Jan},
  publisher = {American Physical Society},
  doi = {10.1103/PhysRevLett.122.010405},
  url = {https://link.aps.org/doi/10.1103/PhysRevLett.122.010405}
}


@misc{SM,
  note={See Supplemental Material at [URL will be inserted by publisher] for supporting derivations, including Refs. XXX.}
}

@article{micheli2006toolbox,
  title={A toolbox for lattice-spin models with polar molecules},
  author={Micheli, Andrea and Brennen, GK and Zoller, Peter},
  journal={Nat. Phys.},
  volume={2},
  number={5},
  pages={341},
  year={2006},
  publisher={Nature Publishing Group}
}

@article{hung2016quantum,
  title={Quantum spin dynamics with pairwise-tunable, long-range interactions},
  author = {Hung, C.-L. and Gonz{\'a}lez-Tudela, Alejandro and Cirac, J. Ignacio and Kimble, H. J.},
  journal={Proc. Natl. Acad. Sci. U.S.A.},
  volume={113},
  number={34},
  pages={E4946--E4955},
  year={2016},
  doi = {10.1073/pnas.1603777113},
  publisher={National Acad Sciences}
}

@article{glaetzle2015designing,
  title = {Designing Frustrated Quantum Magnets with Laser-Dressed {R}ydberg Atoms},
  author = {Glaetzle, Alexander W. and Dalmonte, Marcello and Nath, Rejish and Gross, Christian and Bloch, Immanuel and Zoller, Peter},
  journal = {Phys. Rev. Lett.},
  volume = {114},
  issue = {17},
  pages = {173002},
  numpages = {5},
  year = {2015},
  month = {Apr},
  publisher = {American Physical Society},
  doi = {10.1103/PhysRevLett.114.173002},
  url = {https://link.aps.org/doi/10.1103/PhysRevLett.114.173002}
}

@article{hu2017vacuum,
  title={Vacuum spin squeezing},
  author={Hu, Jiazhong and Chen, Wenlan and Vendeiro, Zachary and Urvoy, Alban and Braverman, Boris and Vuleti{\'c}, Vladan},
  journal={Phys. Rev. A},
  volume={96},
  number={5},
  pages={050301},
  year={2017},
  publisher={APS}
}

@article{braverman2019near,
  title={Near-Unitary Spin Squeezing in Yb 171},
  author={Braverman, Boris and Kawasaki, Akio and Pedrozo-Pe{\~n}afiel, Edwin and Colombo, Simone and Shu, Chi and Li, Zeyang and Mendez, Enrique and Yamoah, Megan and Salvi, Leonardo and Akamatsu, Daisuke and others},
  journal={Phys. Rev. Lett.},
  volume={122},
  number={22},
  pages={223203},
  year={2019},
  publisher={APS}
}

@article{lewis2018robust,
  title={Robust spin squeezing via photon-mediated interactions on an optical clock transition},
  author={Lewis-Swan, Robert J and Norcia, Matthew A and Cline, Julia RK and Thompson, James K and Rey, Ana Maria},
  journal={Phys. Rev. Lett.},
  volume={121},
  number={7},
  pages={070403},
  year={2018},
  publisher={APS}
}

@article{marino2019cavity,
  title={Cavity-{QED} simulator of slow and fast scrambling},
  author={Marino, J and Rey, AM},
  journal={Phys. Rev. A},
  volume={99},
  number={5},
  pages={051803},
  year={2019},
  publisher={APS}
}

@article{yao2018quantum,
  title={A quantum dipolar spin liquid},
  author={Yao, Norman Y and Zaletel, Michael P and Stamper-Kurn, Dan M and Vishwanath, Ashvin},
  journal={Nat. Phys.},
  volume={14},
  number={4},
  pages={405},
  year={2018},
  publisher={Nature Publishing Group}
}

@article{schleier2010states,
  title={States of an ensemble of two-level atoms with reduced quantum uncertainty},
  author={Schleier-Smith, Monika H and Leroux, Ian D and Vuleti{\'c}, Vladan},
  journal={Phys. Rev. Lett.},
  volume={104},
  number={7},
  pages={073604},
  year={2010},
  publisher={APS}
}

@article{hu2015entangled,
  title={Entangled collective-spin states of atomic ensembles under nonuniform atom-light interaction},
  author={Hu, Jiazhong and Chen, Wenlan and Vendeiro, Zachary and Zhang, Hao and Vuleti{\'c}, Vladan},
  journal={Phys. Rev. A},
  volume={92},
  number={6},
  pages={063816},
  year={2015},
  publisher={APS}
}

@article{wu2019retrieval,
  title={Retrieval of cavity-generated atomic spin-squeezing after free-space release},
  author={Wu, Yunfan and Krishnakumar, Rajiv and Mart{\'\i}nez-Rinc{\'o}n, Juli{\'a}n and Malia, Benjamin K and Hosten, Onur and Kasevich, Mark A},
  journal={arXiv:1912.08334 [quant-ph]},
  year={2019}
}

@article{kuzmich2004nonsymmetric,
  title={Nonsymmetric entanglement of atomic ensembles},
  author={Kuzmich, A and Kennedy, TAB},
  journal={Phys. Rev. Lett.},
  volume={92},
  number={3},
  pages={030407},
  year={2004},
  publisher={APS}
}

@article{hammerer2010quantum,
  title={Quantum interface between light and atomic ensembles},
  author={Hammerer, Klemens and S{\o}rensen, Anders S and Polzik, Eugene S},
  journal={Reviews of Modern Physics},
  volume={82},
  number={2},
  pages={1041},
  year={2010},
  publisher={APS}
}

@article{dellantonio2017multiparticle,
  title = {Multipartite entanglement detection with nonsymmetric probing},
  author = {Dellantonio, Luca and Das, Sumanta and Appel, J\"urgen and S\o{}rensen, Anders S.},
  journal = {Phys. Rev. A},
  volume = {95},
  issue = {4},
  pages = {040301},
  numpages = {5},
  year = {2017},
  month = {Apr},
  publisher = {American Physical Society},
  doi = {10.1103/PhysRevA.95.040301},
  url = {https://link.aps.org/doi/10.1103/PhysRevA.95.040301}
}

@article{buchhold2013dicke,
  title={Dicke-model quantum spin and photon glass in optical cavities: Nonequilibrium theory and experimental signatures},
  author={Buchhold, Michael and Strack, Philipp and Sachdev, Subir and Diehl, Sebastian},
  journal={Phys. Rev. A},
  volume={87},
  number={6},
  pages={063622},
  year={2013},
  publisher={APS}
}

@article{kim2019low,
  title={Low-rank {S}achdev-{Y}e-{K}itaev models},
  author={Kim, Jaewon and Cao, Xiangyu and Altman, Ehud},
  journal={arXiv:1910.10173 [cond-mat.str-el]},
  year={2019}
}

@article{brown2015two,
  title={Two-dimensional superexchange-mediated magnetization dynamics in an optical lattice},
  author={Brown, RC and Wyllie, R and Koller, SB and Goldschmidt, EA and Foss-Feig, Michael and Porto, JV},
  journal={Science},
  volume={348},
  number={6234},
  pages={540--544},
  year={2015},
  publisher={American Association for the Advancement of Science}
}

@article{bohnet2014reduced,
  title={Reduced spin measurement back-action for a phase sensitivity ten times beyond the standard quantum limit},
  author={Bohnet, Justin G and Cox, Kevin C and Norcia, Matthew A and Weiner, Joshua M and Chen, Zilong and Thompson, James K},
  journal={Nature Photonics},
  volume={8},
  number={9},
  pages={731},
  year={2014},
  publisher={Nature Publishing Group}
}

@article{hosten2016measurement,
  title={Measurement noise 100 times lower than the quantum-projection limit using entangled atoms},
  author={Hosten, Onur and Engelsen, Nils J and Krishnakumar, Rajiv and Kasevich, Mark A},
  journal={Nature},
  volume={529},
  number={7587},
  pages={505},
  year={2016},
  doi={10.1038/nature16176},
  publisher={Nature Publishing Group}
}

@article{mivehvar2019cavity,
  title = {Cavity-Quantum-Electrodynamical Toolbox for Quantum Magnetism},
  author = {Mivehvar, Farokh and Ritsch, Helmut and Piazza, Francesco},
  journal = {Phys. Rev. Lett.},
  volume = {122},
  issue = {11},
  pages = {113603},
  numpages = {6},
  year = {2019},
  month = {Mar},
  publisher = {American Physical Society},
  doi = {10.1103/PhysRevLett.122.113603},
  url = {https://link.aps.org/doi/10.1103/PhysRevLett.122.113603}
}

@article{rey2008many,
  title={Many-body protected entanglement generation in interacting spin systems},
  author={Rey, AM and Jiang, L and Fleischhauer, M and Demler, E and Lukin, MD},
  journal={Phys. Rev. A},
  volume={77},
  number={5},
  pages={052305},
  year={2008},
  publisher={APS}
}

@article{duan2003controlling,
  title={Controlling spin exchange interactions of ultracold atoms in optical lattices},
  author={Duan, L-M and Demler, E and Lukin, Mikhail D},
  journal={Phys. Rev. Lett.},
  volume={91},
  number={9},
  pages={090402},
  year={2003},
  publisher={APS}
}

@article{barnett2006quantum,
  title={Quantum magnetism with multicomponent dipolar molecules in an optical lattice},
  author={Barnett, Ryan and Petrov, Dmitry and Lukin, Mikhail and Demler, Eugene},
  journal={Phys. Rev. Lett.},
  volume={96},
  number={19},
  pages={190401},
  year={2006},
  publisher={APS}
}

@article{kaubruegger2019variational,
  title={Variational spin-squeezing algorithms on programmable quantum sensors},
  author={Kaubruegger, Raphael and Silvi, Pietro and Kokail, Christian and van Bijnen, Rick and Rey, Ana Maria and Ye, Jun and Kaufman, Adam M and Zoller, Peter},
  journal={Phys. Rev. Lett.},
  volume={123},
  number={26},
  pages={260505},
  year={2019},
  publisher={APS}
}

@article{defenu2018dynamical,
  title={Dynamical critical scaling of long-range interacting quantum magnets},
  author={Defenu, Nicol{\`o} and Enss, Tilman and Kastner, Michael and Morigi, Giovanna},
  journal={Phys. Rev. Lett.},
  volume={121},
  number={24},
  pages={240403},
  year={2018},
  publisher={APS}
}

@article{buening2011extended,
  title={Extended coherence time on the clock transition of optically trapped rubidium},
  author={B{\"u}ning, G Kleine and Will, J and Ertmer, Wolfgang and Rasel, E and Arlt, Jan and Klempt, Carsten and Ramirez-Martinez, F and Pi{\'e}chon, F and Rosenbusch, P},
  journal={Phys. Rev. Lett.},
  volume={106},
  number={24},
  pages={240801},
  year={2011},
  publisher={APS}
}

% @article{buening2011extended},
%   author = {Kleine B\"uning, G. and Will, J. and Ertmer, W. and Rasel, E. and Arlt, J. and Klempt, C. and Ramirez-Martinez, F. and Pi\'echon, F. and Rosenbusch, P.},
%   journal = {Phys. Rev. Lett.},
%   volume = {106},
%   issue = {24},
%   pages = {240801},
%   numpages = {4},
%   year = {2011},
%   month = {Jun},
%   publisher = {American Physical Society},
%   doi = {10.1103/PhysRevLett.106.240801},
%   url = {https://link.aps.org/doi/10.1103/PhysRevLett.106.240801}
% }

@article{colella2018quantum,
  title={Quantum phases of spinful Fermi gases in optical cavities},
  author={Colella, E and Citro, R and Barsanti, M and Rossini, D and Chiofalo, M-L},
  journal={Phys. Rev. B},
  volume={97},
  number={13},
  pages={134502},
  year={2018},
  publisher={APS}
}

@incollection{tanji2011interaction,
  title={Interaction between atomic ensembles and optical resonators: classical description},
  author={Tanji-Suzuki, Haruka and Leroux, Ian D and Schleier-Smith, Monika H and Cetina, Marko and Grier, Andrew T and Simon, Jonathan and Vuleti{\'c}, Vladan},
  booktitle={Advances in atomic, molecular, and optical physics},
  volume={60},
  pages={201--237},
  year={2011},
  publisher={Elsevier}
}

@article{masson2017cavity,
  title = {Cavity {QED} Engineering of Spin Dynamics and Squeezing in a Spinor Gas},
  author={Masson, Stuart J and Barrett, MD and Parkins, Scott},
  journal={Phys. Rev. Lett.},
  volume={119},
  number={21},
  pages={213601},
  year={2017},
  doi={10.1103/PhysRevLett.119.213601},
  publisher={APS}
}

@article{zeiher2017coherent,
  title={Coherent many-body spin dynamics in a long-range interacting {I}sing chain},
  author={Zeiher, Johannes and Choi, Jae-yoon and Rubio-Abadal, Antonio and Pohl, Thomas and van Bijnen, Rick and Bloch, Immanuel and Gross, Christian},
  journal={Phys. Rev. X},
  volume={7},
  number={4},
  pages={041063},
  year={2017},
  publisher={APS}
}

@article{browaeys2020many,
  title={Many-body physics with individually controlled {R}ydberg atoms},
  author={Browaeys, Antoine and Lahaye, Thierry},
  journal={Nat. Phys.},
  volume={16},
  pages={132},
  doi={10.1038/s41567-019-0733-z},
  year={2020}
}

@article{zhang2017observation,
  title={Observation of a discrete time crystal},
  author={Zhang, J and Hess, PW and Kyprianidis, A and Becker, P and Lee, A and Smith, J and Pagano, G and Potirniche, I-D and Potter, Andrew C and Vishwanath, A and others},
  journal={Nature},
  volume={543},
  number={7644},
  pages={217--220},
  year={2017},
  publisher={Nature Publishing Group}
}

@article{georges2018light,
  title={Light-induced coherence in an atom-cavity system},
  author={Georges, Christoph and Cosme, Jayson G and Mathey, Ludwig and Hemmerich, Andreas},
  journal={Phys. Rev. Lett.},
  volume={121},
  number={22},
  pages={220405},
  year={2018},
  publisher={APS}
}

@article{spethmann2016cavity,
  title={Cavity-mediated coupling of mechanical oscillators limited by quantum back-action},
  author={Spethmann, Nicolas and Kohler, Jonathan and Schreppler, Sydney and Buchmann, Lukas and Stamper-Kurn, Dan M},
  journal={Nat. Phys.},
  volume={12},
  number={1},
  pages={27--31},
  year={2016},
  publisher={Nature Publishing Group}
}

@article{bouchoule2002spin,
  title = {Spin squeezing of atoms by the dipole interaction in virtually excited {R}ydberg states},
  author = {Bouchoule, Isabelle and M\o{}lmer, Klaus},
  journal = {Phys. Rev. A},
  volume = {65},
  pages = {041803},
  year = {2002}
}

@article{cappellaro2009quantum,
  title = {Quantum correlation in disordered spin systems: Applications to magnetic sensing},
  author = {Cappellaro, P. and Lukin, M. D.},
  journal = {Phys. Rev. A},
  volume = {80},
  issue = {3},
  pages = {032311},
  numpages = {7},
  year = {2009},
  month = {Sep},
  publisher = {American Physical Society},
  doi = {10.1103/PhysRevA.80.032311},
  url = {https://link.aps.org/doi/10.1103/PhysRevA.80.032311}
}

@article{struck2012tunable,
  title = {Tunable Gauge Potential for Neutral and Spinless Particles in Driven Optical Lattices},
  author = {Struck, J. and \"Olschl\"ager, C. and Weinberg, M. and Hauke, P. and Simonet, J. and Eckardt, A. and Lewenstein, M. and Sengstock, K. and Windpassinger, P.},
  journal = {Phys. Rev. Lett.},
  volume = {108},
  issue = {22},
  pages = {225304},
  numpages = {5},
  year = {2012},
  month = {May},
  publisher = {American Physical Society},
  doi = {10.1103/PhysRevLett.108.225304},
  url = {https://link.aps.org/doi/10.1103/PhysRevLett.108.225304}
}

@article{wang2013observation,
  author = {Wang, Y. H. and Steinberg, H. and Jarillo-Herrero, P. and Gedik, N.},
  title = {Observation of {F}loquet-{B}loch States on the Surface of a Topological Insulator},
  volume = {342},
  number = {6157},
  pages = {453--457},
  year = {2013},
  doi = {10.1126/science.1239834},
  publisher = {American Association for the Advancement of Science},
  issn = {0036-8075},
  journal = {Science}
}

@article{rudner2020band,
  title={Band structure engineering and non-equilibrium dynamics in {F}loquet topological insulators},
  author={Rudner, Mark S and Lindner, Netanel H},
  journal={Nat. Rev. Phys.},
  volume={2},
  number={5},
  pages={229--244},
  year={2020},
  doi={10.1038/s42254-020-0170-z},
  publisher={Nature Publishing Group}
}

@article{fausti2011light,
  author = {Fausti, D. and Tobey, R. I. and Dean, N. and Kaiser, S. and Dienst, A. and Hoffmann, M. C. and Pyon, S. and Takayama, T. and Takagi, H. and Cavalleri, A.},
  title = {Light-Induced Superconductivity in a Stripe-Ordered Cuprate},
  volume = {331},
  number = {6014},
  pages = {189--191},
  year = {2011},
  doi = {10.1126/science.1197294},
  publisher = {American Association for the Advancement of Science},
  issn = {0036-8075},
  journal = {Science}
}

@article{li2019terahertz,
  author = {Li, Xian and Qiu, Tian and Zhang, Jiahao and Baldini, Edoardo and Lu, Jian and Rappe, Andrew M. and Nelson, Keith A.},
  title = {Terahertz field{\textendash}induced ferroelectricity in quantum paraelectric SrTiO3},
  volume = {364},
  number = {6445},
  pages = {1079--1082},
  year = {2019},
  doi = {10.1126/science.aaw4913},
  publisher = {American Association for the Advancement of Science},
  issn = {0036-8075},
  journal = {Science}
}

@article{jotzu2014experimental,
  title={Experimental realization of the topological Haldane model with ultracold fermions},
  author={Jotzu, Gregor and Messer, Michael and Desbuquois, R{\'e}mi and Lebrat, Martin and Uehlinger, Thomas and Greif, Daniel and Esslinger, Tilman},
  journal={Nature},
  volume={515},
  number={7526},
  pages={237--240},
  year={2014},
  doi={10.1038/nature13915},
  publisher={Nature Publishing Group}
}

@article{aidelsburger2015measuring,
  title={Measuring the {C}hern number of {H}ofstadter bands with ultracold bosonic atoms},
  author={Aidelsburger, Monika and Lohse, Michael and Schweizer, Christian and Atala, Marcos and Barreiro, Julio T and Nascimb{\`e}ne, Sylvain and Cooper, NR and Bloch, Immanuel and Goldman, Nathan},
  journal={Nat. Phys.},
  volume={11},
  number={2},
  pages={162--166},
  year={2015},
  doi={10.1038/nphys3171},
  publisher={Nature Publishing Group}
}

@article{islam2013emergence,
    author = {Islam, R. and Senko, C. and Campbell, W. C. and Korenblit, S. and Smith, J. and Lee, A. and Edwards, E. E. and Wang, C.-C. J. and Freericks, J. K. and Monroe, C.},
    title = {Emergence and Frustration of Magnetism with Variable-Range Interactions in a Quantum Simulator},
    volume = {340},
    number = {6132},
    pages = {583--587},
    year = {2013},
    doi = {10.1126/science.1232296},
    publisher = {American Association for the Advancement of Science},
    issn = {0036-8075},
    journal = {Science}
}

@article{jurcevic2014quasiparticle,
  title={Quasiparticle engineering and entanglement propagation in a quantum many-body system},
  author={Jurcevic, Petar and Lanyon, Ben P and Hauke, Philipp and Hempel, Cornelius and Zoller, Peter and Blatt, Rainer and Roos, Christian F},
  journal={Nature},
  volume={511},
  number={7508},
  pages={202--205},
  year={2014},
  doi={10.1038/nature13461},
  publisher={Nature Publishing Group}
}

@article{davis2020protecting,
  title = {Protecting Spin Coherence in a Tunable {H}eisenberg Model},
  author = {Davis, Emily J. and Periwal, Avikar and Cooper, Eric S. and Bentsen, Gregory and Evered, Simon J. and Van Kirk, Katherine and Schleier-Smith, Monika H.},
  journal = {Phys. Rev. Lett.},
  volume = {125},
  issue = {6},
  pages = {060402},
  numpages = {6},
  year = {2020},
  month = {Aug},
  publisher = {American Physical Society},
  doi = {10.1103/PhysRevLett.125.060402}
}

@article{muniz2020exploring,
  title={Exploring dynamical phase transitions with cold atoms in an optical cavity},
  author={Muniz, Juan A and Barberena, Diego and Lewis-Swan, Robert J and Young, Dylan J and Cline, Julia RK and Rey, Ana Maria and Thompson, James K},
  journal={Nature},
  volume={580},
  number={7805},
  pages={602--607},
  year={2020},
  doi={10.1038/s41586-020-2224-x},
  publisher={Nature Publishing Group}
}

@article{pedrozo2020entanglement,
  title={Entanglement on an optical atomic-clock transition},
  author={Pedrozo-Pe{\~n}afiel, Edwin and Colombo, Simone and Shu, Chi and Adiyatullin, Albert F and Li, Zeyang and Mendez, Enrique and Braverman, Boris and Kawasaki, Akio and Akamatsu, Daisuke and Xiao, Yanhong and others},
  journal={Nature},
  volume={588},
  number={7838},
  pages={414--418},
  year={2020},
  doi={10.1038/s41586-020-3006-1},
  publisher={Nature Publishing Group}
}

@article{welte2018photon,
  title = {Photon-Mediated Quantum Gate between Two Neutral Atoms in an Optical Cavity},
  author = {Welte, Stephan and Hacker, Bastian and Daiss, Severin and Ritter, Stephan and Rempe, Gerhard},
  journal = {Phys. Rev. X},
  volume = {8},
  issue = {1},
  pages = {011018},
  numpages = {11},
  year = {2018},
  month = {Feb},
  publisher = {American Physical Society},
  doi = {10.1103/PhysRevX.8.011018}
}

@article{belyansky2020minimal,
  title = {Minimal Model for Fast Scrambling},
  author = {Belyansky, Ron and Bienias, Przemyslaw and Kharkov, Yaroslav A. and Gorshkov, Alexey V. and Swingle, Brian},
  journal = {Phys. Rev. Lett.},
  volume = {125},
  issue = {13},
  pages = {130601},
  numpages = {7},
  year = {2020},
  month = {Sep},
  publisher = {American Physical Society},
  doi = {10.1103/PhysRevLett.125.130601}
}

@article{chiocchetta2020cavity,
  title={Cavity-induced quantum spin liquids},
  author={Chiocchetta, Alessio and Kiese, Dominik and Piazza, Francesco and Diehl, Sebastian},
  journal={arXiv preprint arXiv:2009.11856},
  year={2020}
}

@article{torggler2019quantum,
  title={A quantum n-queens solver},
  author={Torggler, Valentin and Aumann, Philipp and Ritsch, Helmut and Lechner, Wolfgang},
  journal={Quantum},
  volume={3},
  pages={149},
  year={2019},
  doi={10.22331/q-2019-06-03-149},
  publisher={Verein zur F{\"o}rderung des Open Access Publizierens in den Quantenwissenschaften}
}

@article{anikeeva2020number,
  title = {Number Partitioning With {G}rover's Algorithm in Central Spin Systems},
  author = {Anikeeva, Galit and Markovi\ifmmode \acute{c}\else \'{c}\fi{}, Ognjen and Borish, Victoria and Hines, Jacob A. and Rajagopal, Shankari V. and Cooper, Eric S. and Periwal, Avikar and Safavi-Naeini, Amir and Davis, Emily J. and Schleier-Smith, Monika},
  journal = {PRX Quantum},
  volume = {2},
  issue = {2},
  pages = {020319},
  numpages = {24},
  year = {2021},
  month = {May},
  publisher = {American Physical Society},
  doi = {10.1103/PRXQuantum.2.020319}
}

@article{leonard2017supersolid,
  title={Supersolid formation in a quantum gas breaking a continuous translational symmetry},
  author={L{\'e}onard, Julian and Morales, Andrea and Zupancic, Philip and Esslinger, Tilman and Donner, Tobias},
  journal={Nature},
  volume={543},
  number={7643},
  pages={87--90},
  year={2017},
  doi={10.1038/nature21067},
  publisher={Nature Publishing Group}
}

@article{ozeri2020quantum,
  title = {Quantum Simulations with Complex Geometries and Synthetic Gauge Fields in a Trapped Ion Chain},
  author = {Manovitz, Tom and Shapira, Yotam and Akerman, Nitzan and Stern, Ady and Ozeri, Roee},
  journal = {PRX Quantum},
  volume = {1},
  issue = {2},
  pages = {020303},
  numpages = {13},
  year = {2020},
  month = {Oct},
  publisher = {American Physical Society},
  doi = {10.1103/PRXQuantum.1.020303},
  url = {https://link.aps.org/doi/10.1103/PRXQuantum.1.020303}
}

@article{torgerson1952multidimensional,
  title={Multidimensional scaling: I. Theory and method},
  author={Torgerson, Warren S},
  journal={Psychometrika},
  volume={17},
  number={4},
  pages={401--419},
  year={1952},
  doi={10.1007/BF02288916},
  publisher={Springer}
}

@article{mias2008quantum,
  title={Quantum noise, scaling, and domain formation in a spinor {B}ose-{E}instein condensate},
  author={Mias, George I and Cooper, Nigel R and Girvin, SM},
  journal={Phys. Rev. A},
  volume={77},
  number={2},
  pages={023616},
  year={2008},
  publisher={APS}
}

@article{xu2019probing,
	title = {Probing gravity by holding atoms for 20 seconds},
	volume = {366},
	copyright = {Copyright Â© 2019 The Authors, some rights reserved; exclusive licensee American Association for the Advancement of Science. No claim to original U.S. Government Works. http://www.sciencemag.org/about/science-licenses-journal-article-reuseThis is an article distributed under the terms of the Science Journals Default License.},
	issn = {0036-8075, 1095-9203},
	url = {https://science.sciencemag.org/content/366/6466/745},
	doi = {10.1126/science.aay6428},
	language = {en},
	number = {6466},
	urldate = {2021-05-11},
	journal = {Science},
	author = {Xu, Victoria and Jaffe, Matt and Panda, Cristian D. and Kristensen, Sofus L. and Clark, Logan W. and MÃ¼ller, Holger},
	month = nov,
	year = {2019},
	pmid = {31699937},
	pages = {745--749},
}

% Added from flip-flop biblography for suplement - EC 2021-04-06

@article{dyson1956general,
  title={General theory of spin-wave interactions},
  author={Dyson, Freeman J},
  journal={Physical review},
  volume={102},
  number={5},
  pages={1217},
  year={1956},
  publisher={APS}
}

@book{teschl2012ordinary,
  title={Ordinary differential equations and dynamical systems},
  author={Teschl, Gerald},
  volume={140},
  year={2012},
  publisher={American Mathematical Soc.}
}

@article{mias2008quantum,
  title={Quantum noise, scaling, and domain formation in a spinor {B}ose-{E}instein condensate},
  author={Mias, George I and Cooper, Nigel R and Girvin, SM},
  journal={Phys. Rev. A},
  volume={77},
  number={2},
  pages={023616},
  year={2008},
  publisher={APS}
}

@article{davis2018photon,
  title={Photon-Mediated Spin-Exchange Dynamics of Spin-1 Atoms},
  author={Davis, Emily J and Bentsen, Gregory and Homeier, Lukas and Li, Tracy and Schleier-Smith, Monika H},
  journal={arXiv preprint arXiv:1809.02114},
  year={2018}
}

@article{andre2002coherent,
  title={Coherent atom interactions mediated by dark-state polaritons},
  author={Andr{\'e}, Axel and Duan, L-M and Lukin, MD},
  journal={Phys. Rev. Lett.},
  volume={88},
  number={24},
  pages={243602},
  year={2002},
  publisher={APS}
}

@article{sorensen2002entangling,
  title={Entangling atoms in bad cavities},
  author={S{\o}rensen, Anders S{\o}ndberg and M{\o}lmer, Klaus},
  journal={Phys. Rev. A},
  volume={66},
  number={2},
  pages={022314},
  year={2002},
  publisher={APS}
}

@article{schleier2010squeezing,
  title={Squeezing the collective spin of a dilute atomic ensemble by cavity feedback},
  author={Schleier-Smith, Monika H and Leroux, Ian D and Vuleti{\'c}, Vladan},
  journal={Phys. Rev. A},
  volume={81},
  number={2},
  pages={021804},
  year={2010},
  publisher={APS}
}

@article{lewis2018robust,
  title={Robust spin squeezing via photon-mediated interactions on an optical clock transition},
  author={Lewis-Swan, Robert J and Norcia, Matthew A and Cline, Julia RK and Thompson, James K and Rey, Ana Maria},
  journal={Phys. Rev. Lett.},
  volume={121},
  number={7},
  pages={070403},
  year={2018},
  publisher={APS}
}

@article{sachdev2015bekenstein,
  title={Bekenstein-{H}awking entropy and strange metals},
  author={Sachdev, Subir},
  journal={Phys. Rev. X},
  volume={5},
  number={4},
  pages={041025},
  year={2015},
  publisher={APS}
}

@article{majer2007coupling,
  title={Coupling superconducting qubits via a cavity bus},
  author={Majer, J and Chow, JM and Gambetta, JM and Koch, Jens and Johnson, BR and Schreier, JA and Frunzio, L and Schuster, DI and Houck, AA and Wallraff, Andreas and Blais, A and Devoret, MH and Girvin, SM and Schoelkopf, R},
  journal={Nature},
  volume={449},
  number={7161},
  pages={443},
  year={2007},
  publisher={Nature Publishing Group}
}

@article{van2013photon,
  title={Photon-mediated interactions between distant artificial atoms},
  author={Van Loo, Arjan F and Fedorov, Arkady and Lalumi{\`e}re, Kevin and Sanders, Barry C and Blais, Alexandre and Wallraff, Andreas},
  journal={Science},
  volume={342},
  number={6165},
  pages={1494--1496},
  year={2013},
  publisher={American Association for the Advancement of Science}
}

@article{bentsen2018fast,
  title={Fast scrambling on sparse graphs},
  author={Bentsen, Gregory and Gu, Yingfei and Lucas, Andrew},
  journal={arXiv:1805.08215},
  year={2018}
}

@article{marino2018spectrum,
  title={Spectrum, Landau-Zener theory, and driven-dissipative dynamics of a staircase of photons},
  author={Marino, J., Shchadilova, Y., Schleier-Smith, M., and Demler, E. A.},
  note={in preparation},
  year={2018}
}

@article{torggler2018quantum,
  title={A quantum n-queens solver},
  author={Torggler, Valentin and Aumann, Philipp and Ritsch, Helmut and Lechner, Wolfgang},
  journal={arXiv:1803.00735},
  year={2018}
}

@article{hammerer2010quantum,
  title={Quantum interface between light and atomic ensembles},
  author={Hammerer, Klemens and S{\o}rensen, Anders S and Polzik, Eugene S},
  journal={Reviews of Modern Physics},
  volume={82},
  number={2},
  pages={1041},
  year={2010},
  publisher={APS}
}

@article{mertens1998phase,
  title={Phase transition in the number partitioning problem},
  author={Mertens, Stephan},
  journal={Phys. Rev. Lett.},
  volume={81},
  number={20},
  pages={4281},
  year={1998},
  publisher={APS}
}

@article{lashkari2013towards,
  title={Towards the fast scrambling conjecture},
  author={Lashkari, Nima and Stanford, Douglas and Hastings, Matthew and Osborne, Tobias and Hayden, Patrick},
  journal={J. High Energy Phys.},
  volume={2013},
  number={4},
  pages={22},
  year={2013},
  publisher={Springer}
}

@article{yurke19862,
  title={SU (2) and SU (1, 1) interferometers},
  author={Yurke, Bernard and McCall, Samuel L and Klauder, John R},
  journal={Phys. Rev. A},
  volume={33},
  number={6},
  pages={4033},
  year={1986},
  publisher={APS}
}

@article{wodkiewicz1985,
author = {K. Wodkiewicz and J. H. Eberly},
journal = {J. Opt. Soc. Am. B},
keywords = {Coherent states; Coherent transients; Free induction decay; Lie algebraic and group methods; Parametric amplifiers; Squeezed states},
number = {3},
pages = {458--466},
publisher = {OSA},
title = {Coherent states, squeezed fluctuations, and the SU(2) am SU(1,1) groups in quantum-optics applications},
volume = {2},
month = {Mar},
year = {1985},
doi = {10.1364/JOSAB.2.000458}
}

@article{gerry1985,
  title = {Dynamics of SU(1,1) coherent states},
  author = {Gerry, Christopher C.},
  journal = {Phys. Rev. A},
  volume = {31},
  issue = {4},
  pages = {2721--2723},
  numpages = {0},
  year = {1985},
  month = {Apr},
  publisher = {American Physical Society},
  doi = {10.1103/PhysRevA.31.2721}
}

@article{norcia2018cavity,
  title={Cavity-mediated collective spin-exchange interactions in a strontium superradiant laser},
  author={Norcia, Matthew A and Lewis-Swan, Robert J and Cline, Julia RK and Zhu, Bihui and Rey, Ana M and Thompson, James K},
  journal={Science},
  volume={361},
  number={6399},
  pages={259--262},
  year={2018}
}

@article{kroeze2018spinor,
  title={Spinor self-ordering of a quantum gas in a cavity},
  author={Kroeze, Ronen M and Guo, Yudan and Vaidya, Varun D and Keeling, Jonathan and Lev, Benjamin L},
  journal={arXiv:1807.04915},
  year={2018}
}

@article{luo2017deterministic,
  title={Deterministic entanglement generation from driving through quantum phase transitions},
  author={Luo, Xin-Yu and Zou, Yi-Quan and Wu, Ling-Na and Liu, Qi and Han, Ming-Fei and Tey, Meng Khoon and You, Li},
  journal={Science},
  volume={355},
  number={6325},
  pages={620--623},
  year={2017}
}

@article{zhou2009cavity,
  title={Cavity-mediated strong matter wave bistability in a spin-1 condensate},
  author={Zhou, Lu and Pu, Han and Ling, Hong Y and Zhang, Weiping},
  journal={Phys. Rev. Lett.},
  volume={103},
  number={16},
  pages={160403},
  year={2009},
  publisher={APS}
}

@article{hu2017vacuum,
  title={Vacuum spin squeezing},
  author={Hu, Jiazhong and Chen, Wenlan and Vendeiro, Zachary and Urvoy, Alban and Braverman, Boris and Vuleti{\'c}, Vladan},
  journal={Phys. Rev. A},
  volume={96},
  number={5},
  pages={050301},
  year={2017}
}

@article{chang2005coherent,
  title={Coherent spinor dynamics in a spin-1 {B}ose condensate},
  author={Chang, Ming-Shien and Qin, Qishu and Zhang, Wenxian and You, Li and Chapman, Michael S},
  journal={Nat. Phys.},
  volume={1},
  number={2},
  pages={111},
  year={2005},
  publisher={Nature Publishing Group}
}

@article{gubser2017p,
  title={$p$-adic {AdS/CFT}},
  author={Gubser, Steven S and Knaute, Johannes and Parikh, Sarthak and Samberg, Andreas and Witaszczyk, Przemek},
  journal={Commun. Math. Phys.},
  volume={352},
  number={3},
  pages={1019--1059},
  year={2017},
  doi={10.1007/s00220-016-2813-6},
  publisher={Springer}
}

@article{linnemann2016quantum,
  title={Quantum-enhanced sensing based on time reversal of nonlinear dynamics},
  author={Linnemann, Daniel and Strobel, Helmut and Muessel, Wolfgang and Schulz, Jonas and Lewis-Swan, Robert J and Kheruntsyan, Karen V and Oberthaler, Markus K},
  journal={Phys. Rev. Lett.},
  volume={117},
  number={1},
  pages={013001},
  year={2016},
  publisher={APS}
}

@article{kohler2018negative,
  title={Negative-mass instability of the spin and motion of an atomic gas driven by optical cavity backaction},
  author={Kohler, Jonathan and Gerber, Justin A and Dowd, Emma and Stamper-Kurn, Dan M},
  journal={Phys. Rev. Lett.},
  volume={120},
  number={1},
  pages={013601},
  year={2018},
  publisher={APS}
}

@article{klempt2010parametric,
  title={Parametric amplification of vacuum fluctuations in a spinor condensate},
  author={Klempt, C and Gebreyesus, G and Scherer, M and Henninger, T and Hyllus, P and Ertmer, W and Santos, L and Arlt, JJ and others},
  journal={Phys. Rev. Lett.},
  volume={104},
  number={19},
  pages={195303},
  year={2010},
  publisher={APS}
}

@article{hamley2012spin,
  title={Spin-nematic squeezed vacuum in a quantum gas},
  author={Hamley, Chris D and Gerving, CS and Hoang, TM and Bookjans, EM and Chapman, Michael S},
  journal={Nat. Phys.},
  volume={8},
  number={4},
  pages={305},
  year={2012},
  doi={10.1038/nphys2245},
  publisher={Nature Publishing Group}
}

@article{lucke2011twin,
  title={Twin matter waves for interferometry beyond the classical limit},
  author={L{\"u}cke, Bernd and Scherer, Manuel and Kruse, Jens and Pezz{\'e}, Luca and Deuretzbacher, Frank and Hyllus, Phillip and Peise, Jan and Ertmer, Wolfgang and Arlt, Jan and Santos, Luis and others},
  journal={Science},
  volume={334},
  number={6057},
  pages={773--776},
  year={2011},
  publisher={American Association for the Advancement of Science}
}

@article{chang2005coherent,
  title={Coherent spinor dynamics in a spin-1 {B}ose condensate},
  author={Chang, Ming-Shien and Qin, Qishu and Zhang, Wenxian and You, Li and Chapman, Michael S},
  journal={Nat. Phys.},
  volume={1},
  number={2},
  pages={111},
  year={2005},
  publisher={Nature Publishing Group}
}

@article{sadler2006spontaneous,
  title={Spontaneous symmetry breaking in a quenched ferromagnetic spinor {B}ose--{E}instein condensate},
  author={Sadler, LE and Higbie, JM and Leslie, SR and Vengalattore, M and Stamper-Kurn, DM},
  journal={Nature},
  volume={443},
  number={7109},
  pages={312},
  year={2006},
  publisher={Nature Publishing Group}
}

@article{black2003observation,
  title={Observation of collective friction forces due to spatial self-organization of atoms: from {R}ayleigh to {B}ragg scattering},
  author={Black, Adam T and Chan, Hilton W and Vuleti{\'c}, Vladan},
  journal={Phys. Rev. Lett.},
  volume={91},
  number={20},
  pages={203001},
  year={2003},
  publisher={APS}
}

@article{kollar2017supermode,
  title={Supermode-density-wave-polariton condensation with a {B}ose--{E}instein condensate in a multimode cavity},
  author={Koll{\'a}r, Alicia J and Papageorge, Alexander T and Vaidya, Varun D and Guo, Yudan and Keeling, Jonathan and Lev, Benjamin L},
  journal={Nature Communications},
  volume={8},
  pages={14386},
  year={2017},
  publisher={Nature Publishing Group}
}

@article{zhiqiang2017nonequilibrium,
  title={Nonequilibrium phase transition in a spin-1 Dicke model},
  author={Zhiqiang, Zhang and Lee, Chern Hui and Kumar, Ravi and Arnold, KJ and Masson, Stuart J and Parkins, AS and Barrett, MD},
  journal={Optica},
  volume={4},
  number={4},
  pages={424--429},
  year={2017},
  publisher={Optical Society of America}
}

@article{landini2018formation,
  title = {Formation of a Spin Texture in a Quantum Gas Coupled to a Cavity},
  author = {Landini, M. and Dogra, N. and Kroeger, K. and Hruby, L. and Donner, T. and Esslinger, T.},
  journal = {Phys. Rev. Lett.},
  volume = {120},
  issue = {22},
  pages = {223602},
  numpages = {5},
  year = {2018},
  month = {May},
  publisher = {American Physical Society},
  doi = {10.1103/PhysRevLett.120.223602},
  url = {https://link.aps.org/doi/10.1103/PhysRevLett.120.223602}
}


@article{colella2018quantum,
  title = {Quantum phases of spinful Fermi gases in optical cavities},
  author = {Colella, E. and Citro, R. and Barsanti, M. and Rossini, D. and Chiofalo, M.-L.},
  journal = {Phys. Rev. B},
  volume = {97},
  issue = {13},
  pages = {134502},
  numpages = {8},
  year = {2018},
  month = {Apr},
  publisher = {American Physical Society},
  doi = {10.1103/PhysRevB.97.134502},
  url = {https://link.aps.org/doi/10.1103/PhysRevB.97.134502}
}

@article{swingle2016measuring,
  title={Measuring the scrambling of quantum information},
  author={Swingle, Brian and Bentsen, Gregory and Schleier-Smith, Monika and Hayden, Patrick},
  journal={Phys. Rev. A},
  volume={94},
  number={4},
  pages={040302},
  year={2016},
  publisher={APS}
}

@article{davis2016approaching,
  title={Approaching the Heisenberg limit without single-particle detection},
  author={Davis, Emily and Bentsen, Gregory and Schleier-Smith, Monika},
  journal={Phys. Rev. Lett.},
  volume={116},
  number={5},
  pages={053601},
  year={2016},
  publisher={APS}
}

@article{leroux2010orientation,
  title={Orientation-dependent entanglement lifetime in a squeezed atomic clock},
  author={Leroux, Ian D and Schleier-Smith, Monika H and Vuleti{\'c}, Vladan},
  journal={Phys. Rev. Lett.},
  volume={104},
  number={25},
  pages={250801},
  year={2010},
  publisher={APS}
}

@article{zheng2016superradiance,
  title={Superradiance induced particle flow via dynamical gauge coupling},
  author={Zheng, Wei and Cooper, Nigel Robert},
  journal={Phys. Rev. Lett.},
  volume={117},
  number={17},
  pages={175302},
  year={2016},
  publisher={APS}
}

@article{ballantine2017meissner,
  title={Meissner-like Effect for a Synthetic Gauge Field in Multimode Cavity {QED}},
  author={Ballantine, Kyle E and Lev, Benjamin L and Keeling, Jonathan},
  journal={Phys. Rev. Lett.},
  volume={118},
  number={4},
  pages={045302},
  year={2017},
  publisher={APS}
}

@article{lucas2014ising,
  title={Ising formulations of many {NP} problems},
  author={Lucas, Andrew},
  journal={Frontiers in Physics},
  volume={2},
  pages={5},
  year={2014},
  publisher={Frontiers}
}

@article{reiter2012effective,
  title={Effective operator formalism for open quantum systems},
  author={Reiter, Florentin and S{\o}rensen, Anders S},
  journal={Phys. Rev. A},
  volume={85},
  number={3},
  pages={032111},
  year={2012},
  publisher={APS}
}

@article{bukov2015universal,
  author = {Marin Bukov and Luca D'Alessio and Anatoli Polkovnikov},
  title = {Universal high-frequency behavior of periodically driven systems: from dynamical stabilization to {F}loquet engineering},
  journal = {Adv. Phys.},
  volume = {64},
  number = {2},
  pages = {139-226},
  year  = {2015},
  publisher = {Taylor & Francis},
  doi = {10.1080/00018732.2015.1055918}
}

@article{heydeman2016tensor,
  title={Tensor networks, $ p $-adic fields, and algebraic curves: arithmetic and the {A}d{S}$_3 $/{CFT}$_2 $ correspondence},
  author={Heydeman, Matthew and Marcolli, Matilde and Saberi, Ingmar and Stoica, Bogdan},
  journal={arXiv:1605.07639},
  year={2016}
}

@article{barbon2013fast,
  title={Fast scramblers and ultrametric black hole horizons},
  author={Barb{\'o}n, Jos{\'e} LF and Mag{\'a}n, Javier M},
  journal={J. High Energy Phys.},
  volume={2013},
  number={11},
  pages={163},
  year={2013},
  doi = {10.1007/JHEP11(2013)163},
  publisher={Springer}
}

@article{murg2010simulating,
  title={Simulating strongly correlated quantum systems with tree tensor networks},
  author={Murg, Valentin and Verstraete, Frank and Legeza, {\"O}rs and Noack, Reinhard M},
  journal={Phys. Rev. B},
  volume={82},
  number={20},
  pages={205105},
  year={2010},
  doi={10.1103/PhysRevB.82.205105},
  publisher={APS}
}

@article{hung2019p,
  title={p-adic CFT is a holographic tensor network},
  author={Hung, Ling-Yan and Li, Wei and Melby-Thompson, Charles M},
  journal={J. High Energy Phys.},
  volume={2019},
  number={4},
  pages={170},
  year={2019},
  doi={10.1007/JHEP04(2019)170},
  publisher={Springer}
}

@article{sekino2008fast,
  title={Fast scramblers},
  author={Sekino, Yasuhiro and Susskind, Leonard},
  journal={J. High Energy Phys.},
  volume={2008},
  number={10},
  pages={065},
  year={2008},
  doi={10.1088/1126-6708/2008/10/065},
  publisher={IOP Publishing}
}

@article{Blakie2008,
  title = {Dynamics and Statistical Mechanics of Ultra-Cold {{Bose}} Gases Using c-Field Techniques},
  author = {Blakie, P. B. and Bradley, A. S. and Davis, M. J. and Ballagh, R. J. and Gardiner, C. W.},
  year = {2008},
  month = sep,
  volume = {57},
  pages = {363--455},
  publisher = {{Informa UK Limited}},
  doi = {10.1080/00018730802564254},
  journal = {Adv. Phys.},
  keywords = {Truncated Wigner},
  number = {5}
}

@article{Lewis-Swan2016,
  title = {Approximate particle number distribution from direct stochastic sampling of the {W}igner function},
  author = {Lewis-Swan, R. J. and Olsen, M. K. and Kheruntsyan, K. V.},
  journal = {Phys. Rev. A},
  volume = {94},
  issue = {3},
  pages = {033814},
  numpages = {10},
  year = {2016},
  month = {Sep},
  publisher = {American Physical Society},
  doi = {10.1103/PhysRevA.94.033814},
}

@article{Sinatra2002,
  title = {The Truncated {{Wigner}} Method for {{Bose}}-Condensed Gases: Limits of Validity and Applications},
  author = {Sinatra, Alice and Lobo, Carlos and Castin, Yvan},
  year = {2002},
  month = aug,
  volume = {35},
  pages = {3599--3631},
  publisher = {{IOP Publishing}},
  doi = {10.1088/0953-4075/35/17/301},
  journal = {J. Phys. B: At., Mol. Opt. Phys.},
  keywords = {Truncated Wigner},
  number = {17}
}


@article{lee1998phase,
  title={Phase transitions in the fully frustrated triangular {XY} model},
  author={Lee, Sooyeul and Lee, Koo-Chul},
  journal={Phys. Rev. B},
  volume={57},
  number={14},
  pages={8472},
  year={1998},
  doi={10.1103/PhysRevB.57.8472},
  publisher={APS}
}

@article{Pastawski2015,
  title = {Holographic Quantum Error-Correcting Codes: Toy Models for the Bulk/Boundary Correspondence},
  shorttitle = {Holographic Quantum Error-Correcting Codes},
  author = {Pastawski, Fernando and Yoshida, Beni and Harlow, Daniel and Preskill, John},
  year = {2015},
  month = jun,
  volume = {2015},
  pages = {149},
  issn = {1029-8479},
  doi = {10.1007/JHEP06(2015)149},
  journal = {J. High Energ. Phys.},
  language = {en},
  number = {6}
}

@article{Menicucci2006,
  title = {Universal Quantum Computation with Continuous-Variable Cluster States},
  author = {Menicucci, N. C. and {van Loock}, P. and Gu, M. and Weedbrook, C. and Ralph, T. C. and Nielsen, M. A.},
  year = {2006},
  volume = {97},
  pages = {110501},
  doi = {10.1103/PhysRevLett.97.110501},
  journal = {Phys. Rev. Lett.}
}


@article{Bryngelson1987,
  title = {Spin Glasses and the Statistical Mechanics of Protein Folding.},
  author = {Bryngelson, J. D. and Wolynes, P. G.},
  year = {1987},
  month = nov,
  volume = {84},
  pages = {7524--7528},
  issn = {0027-8424, 1091-6490},
  doi = {10.1073/pnas.84.21.7524},
  journal = {Proc. Natl. Acad. Sci. U.S.A.},
  number = {21}
}

@book{Stein2013,
  title = {Spin Glasses and Complexity},
  author = {Stein, Daniel L. and Newman, Charles M.},
  year = {2013},
  volume = {4},
  publisher = {{Princeton University Press}},
  }

@article{Kalinin2018,
  title = {Global Optimization of Spin {{Hamiltonians}} with Gain-Dissipative Systems},
  author = {Kalinin, Kirill P. and Berloff, Natalia G.},
  year = {2018},
  pages = {9},
  journal = {Scientific Reports},
  doi = {10.1038/s41598-018-35416-1}
}



@article{Marandi2014,
  title = {Network of Time-Multiplexed Optical Parametric Oscillators as a Coherent {{Ising}} Machine},
  author = {Marandi, Alireza and Wang, Zhe and Takata, Kenta and Byer, Robert L. and Yamamoto, Yoshihisa},
  year = {2014},
  month = dec,
  volume = {8},
  pages = {937--942},
  issn = {1749-4885, 1749-4893},
  doi = {10.1038/nphoton.2014.249},
  journal = {Nat. Photonics},
  number = {12}
}

@article{Amit1985,
  title = {Spin-Glass Models of Neural Networks},
  author = {Amit, Daniel J. and Gutfreund, Hanoch and Sompolinsky, H.},
  year = {1985},
  month = aug,
  volume = {32},
  pages = {1007--1018},
  issn = {0556-2791},
  doi = {10.1103/PhysRevA.32.1007},
  journal = {Phys. Rev. A},
  language = {en},
  number = {2}
}

@article{Manovitz2020,
  title = {Quantum {{Simulations}} with {{Complex Geometries}} and {{Synthetic Gauge Fields}} in a {{Trapped Ion Chain}}},
  author = {Manovitz, Tom and Shapira, Yotam and Akerman, Nitzan and Stern, Ady and Ozeri, Roee},
  year = {2020},
  month = oct,
  volume = {1},
  pages = {020303},
  issn = {2691-3399},
  doi = {10.1103/PRXQuantum.1.020303},
  journal = {PRX Quantum},
  language = {en},
  number = {2}
}

@article{Aidelsburger2018,
  title = {Artificial Gauge Fields in Materials and Engineered Systems},
  author = {Aidelsburger, Monika and Nascimbene, Sylvain and Goldman, Nathan},
  year = {2018},
  month = sep,
  volume = {19},
  pages = {394--432},
  issn = {16310705},
  doi = {10.1016/j.crhy.2018.03.002},
  journal = {Comptes Rendus Physique},
  language = {en},
  number = {6}
}

@article{Dalibard2011,
  title = {{\emph{Colloquium}} : {{Artificial}} Gauge Potentials for Neutral Atoms},
  shorttitle = {{\emph{Colloquium}}},
  author = {Dalibard, Jean and Gerbier, Fabrice and Juzeli{\=u}nas, Gediminas and {\"O}hberg, Patrik},
  year = {2011},
  month = nov,
  volume = {83},
  pages = {1523--1543},
  issn = {0034-6861, 1539-0756},
  doi = {10.1103/RevModPhys.83.1523},
  journal = {Rev. Mod. Phys.},
  language = {en},
  number = {4}
}

@article{Pezze2018,
  title = {Quantum Metrology with Nonclassical States of Atomic Ensembles},
  author = {Pezz{\`e}, Luca and Smerzi, Augusto and Oberthaler, Markus K. and Schmied, Roman and Treutlein, Philipp},
  year = {2018},
  month = sep,
  volume = {90},
  pages = {035005},
  issn = {0034-6861, 1539-0756},
  doi = {10.1103/RevModPhys.90.035005},
  journal = {Rev. Mod. Phys.},
  language = {en},
  number = {3}
}

@article{richerme2014non,
  title={Non-local propagation of correlations in quantum systems with long-range interactions},
  author={Richerme, Philip and Gong, Zhe-Xuan and Lee, Aaron and Senko, Crystal and Smith, Jacob and Foss-Feig, Michael and Michalakis, Spyridon and Gorshkov, Alexey V and Monroe, Christopher},
  journal={Nature},
  volume={511},
  number={7508},
  pages={198--201},
  year={2014},
  doi={10.1038/nature13450},
  publisher={Nature Publishing Group}
}

@book{hartnoll2018holographic,
  title={Holographic quantum matter},
  author={Hartnoll, Sean A and Lucas, Andrew and Sachdev, Subir},
  year={2018},
  publisher={MIT press}
}

@article{mcmahon2016fully,
  title={A fully programmable 100-spin coherent {I}sing machine with all-to-all connections},
  author={McMahon, Peter L and Marandi, Alireza and Haribara, Yoshitaka and Hamerly, Ryan and Langrock, Carsten and Tamate, Shuhei and Inagaki, Takahiro and Takesue, Hiroki and Utsunomiya, Shoko and Aihara, Kazuyuki and others},
  journal={Science},
  volume={354},
  number={6312},
  pages={614--617},
  year={2016},
  doi={10.1126/science.aah5178},
  publisher={American Association for the Advancement of Science}
}

@article{marsh2021enhancing,
  title = {Enhancing Associative Memory Recall and Storage Capacity Using Confocal Cavity {QED}},
  author = {Marsh, Brendan P. and Guo, Yudan and Kroeze, Ronen M. and Gopalakrishnan, Sarang and Ganguli, Surya and Keeling, Jonathan and Lev, Benjamin L.},
  journal = {Phys. Rev. X},
  volume = {11},
  issue = {2},
  pages = {021048},
  numpages = {39},
  year = {2021},
  month = {Jun},
  publisher = {American Physical Society},
  doi = {10.1103/PhysRevX.11.021048},
  url = {https://link.aps.org/doi/10.1103/PhysRevX.11.021048}
}


@article{berloff2017realizing,
  title={Realizing the classical {XY} {H}amiltonian in polariton simulators},
  author={Berloff, Natalia G and Silva, Matteo and Kalinin, Kirill and Askitopoulos, Alexis and T{\"o}pfer, Julian D and Cilibrizzi, Pasquale and Langbein, Wolfgang and Lagoudakis, Pavlos G},
  journal={Nat. Mater.},
  volume={16},
  number={11},
  pages={1120--1126},
  year={2017},
  doi={10.1038/nmat4971},
  publisher={Nature Publishing Group}
}

@article{kollar2019hyperbolic,
  title={Hyperbolic lattices in circuit quantum electrodynamics},
  author={Koll{\'a}r, Alicia J and Fitzpatrick, Mattias and Houck, Andrew A},
  journal={Nature},
  volume={571},
  number={7763},
  pages={45--50},
  year={2019},
  doi={10.1038/s41586-019-1348-3},
  publisher={Nature Publishing Group}
}

@article{gubser2018continuum,
  title={Continuum limits of sparse coupling patterns},
  author={Gubser, Steven S and Jepsen, Christian and Ji, Ziming and Trundy, Brian},
  journal={Phys. Rev. D},
  volume={98},
  number={4},
  pages={045009},
  year={2018},
  doi = {10.1103/PhysRevD.98.045009},
  publisher={APS}
}

@article{shi2006classical,
  title={Classical simulation of quantum many-body systems with a tree tensor network},
  author={Shi, Y-Y and Duan, L-M and Vidal, Guifre},
  journal={Phys. Rev. A},
  volume={74},
  number={2},
  pages={022320},
  year={2006},
  doi={10.1103/PhysRevA.74.022320},
  publisher={APS}
}

@article{Bloch2012,
  title = {Quantum Simulations with Ultracold Quantum Gases},
  author = {Bloch, Immanuel and Dalibard, Jean and Nascimbene, Sylvain},
  year = {2012},
  volume = {8},
  pages = {267},
  doi = {10.1038/nphys2259},
  journal = {Nat. Phys.},
  number = {4}
}

@article{Georgescu2014,
  title = {Quantum Simulation},
  author = {Georgescu, I. M. and Ashhab, S. and Nori, Franco},
  year = {2014},
  month = mar,
  volume = {86},
  pages = {153--185},
  issn = {0034-6861, 1539-0756},
  doi = {10.1103/RevModPhys.86.153},
  journal = {Rev. Mod. Phys.},
  language = {en},
  number = {1}
}

@article{Horodecki2009,
  title = {Quantum Entanglement},
  author = {Horodecki, Ryszard and Horodecki, Pawe{\l} and Horodecki, Micha{\l} and Horodecki, Karol},
  year = {2009},
  month = jun,
  volume = {81},
  pages = {865--942},
  publisher = {{American Physical Society}},
  doi = {10.1103/RevModPhys.81.865},
  journal = {Rev. Mod. Phys.},
  number = {2}
}

@article{Swingle2012,
  title = {Entanglement Renormalization and Holography},
  author = {Swingle, Brian},
  year = {2012},
  month = sep,
  volume = {86},
  pages = {065007},
  issn = {1550-7998, 1550-2368},
  doi = {10.1103/PhysRevD.86.065007},
  journal = {Phys. Rev. D},
  language = {en},
  number = {6}
}

@article{verlinde2011origin,
  title={On the Origin of Gravity and the Laws of Newton},
  author={Verlinde, Erik},
  journal={J. High Energy Phys.},
  volume={2011},
  number={4},
  pages={1--27},
  year={2011},
  publisher={Springer}
}

@article{Barahona1982,
  doi = {10.1088/0305-4470/15/10/028},
  year = 1982,
  month = {oct},
  publisher = {{IOP} Publishing},
  volume = {15},
  number = {10},
  pages = {3241--3253},
  author = {F Barahona},
  title = {On the computational complexity of {I}sing spin glass models},
  journal = {J. Phys. A: Mathematical and General}
}

@article{Das2008,
  title = {{\emph{Colloquium}} : {{Quantum}} Annealing and Analog Quantum Computation},
  shorttitle = {{\emph{Colloquium}}},
  author = {Das, Arnab and Chakrabarti, Bikas K.},
  year = {2008},
  month = sep,
  volume = {80},
  pages = {1061--1081},
  issn = {0034-6861, 1539-0756},
  doi = {10.1103/RevModPhys.80.1061},
  journal = {Rev. Mod. Phys.},
  language = {en},
  number = {3}
}

@article{susskind2017dear,
  title={Dear qubitzers, gr= qm},
  author={Susskind, Leonard},
  journal={arXiv preprint arXiv:1708.03040},
  year={2017}
}

@article{qi2018does,
  title={Does gravity come from quantum information?},
  author={Qi, Xiao-Liang},
  journal={Nat. Phys.},
  volume={14},
  number={10},
  pages={984--987},
  year={2018},
  doi={10.1038/s41567-018-0297-3},
  publisher={Nature Publishing Group}
}

@article{kandala2017hardware,
  title={Hardware-efficient variational quantum eigensolver for small molecules and quantum magnets},
  author={Kandala, Abhinav and Mezzacapo, Antonio and Temme, Kristan and Takita, Maika and Brink, Markus and Chow, Jerry M and Gambetta, Jay M},
  journal={Nature},
  volume={549},
  number={7671},
  pages={242--246},
  year={2017},
  doi={10.1038/nature23879},
  publisher={Nature Publishing Group}
}

@article{evans2018photon,
  title={Photon-mediated interactions between quantum emitters in a diamond nanocavity},
  author={Evans, Ruffin E and Bhaskar, Mihir K and Sukachev, Denis D and Nguyen, Christian T and Sipahigil, Alp and Burek, Michael J and Machielse, Bartholomeus and Zhang, Grace H and Zibrov, Alexander S and Bielejec, Edward and others},
  journal={Science},
  volume={362},
  number={6415},
  pages={662--665},
  year={2018},
  doi={10.1126/science.aau4691},
  publisher={American Association for the Advancement of Science}
}

@article{hayden2007black,
  doi = {10.1088/1126-6708/2007/09/120},
  year = 2007,
  month = {sep},
  publisher = {Springer Science and Business Media {LLC}},
  volume = {2007},
  number = {09},
  pages = {120--120},
  author = {Patrick Hayden and John Preskill},
  title = {Black holes as mirrors: quantum information in random subsystems},
  journal = {J. High Energy Phys.}
}

@article{maldacena2016remarks,
  title = {Remarks on the {S}achdev-{Y}e-{K}itaev model},
  author = {Maldacena, Juan and Stanford, Douglas},
  journal = {Phys. Rev. D},
  volume = {94},
  issue = {10},
  pages = {106002},
  numpages = {43},
  year = {2016},
  month = {Nov},
  publisher = {American Physical Society},
  doi = {10.1103/PhysRevD.94.106002},
  url = {https://link.aps.org/doi/10.1103/PhysRevD.94.106002}
}

@book{lauritzen1996graphical,
  title={Graphical models},
  author={Lauritzen, Steffen L},
  volume={17},
  year={1996},
  publisher={Clarendon Press}
}

@article{ryu2006holographic,
  title = {Holographic Derivation of Entanglement Entropy from the anti--de Sitter Space/Conformal Field Theory Correspondence},
  author = {Ryu, Shinsei and Takayanagi, Tadashi},
  journal = {Phys. Rev. Lett.},
  volume = {96},
  issue = {18},
  pages = {181602},
  numpages = {4},
  year = {2006},
  month = {May},
  publisher = {American Physical Society},
  doi = {10.1103/PhysRevLett.96.181602}
}

@article{lee2014many,
  title={Many-atom--cavity {QED} system with homogeneous atom--cavity coupling},
  author={Lee, Jongmin and Vrijsen, Geert and Teper, Igor and Hosten, Onur and Kasevich, Mark A},
  journal={Opt. Lett.},
  volume={39},
  number={13},
  doi={10.1364/OL.39.004005},
  pages={4005--4008},
  year={2014},
  publisher={Optical Society of America}
}

@article{bloch2012quantum,
  title={Quantum simulations with ultracold quantum gases},
  author={Bloch, Immanuel and Dalibard, Jean and Nascimbene, Sylvain},
  journal={Nat. Phys.},
  volume={8},
  number={4},
  doi = {10.1038/nphys2259},
  pages={267--276},
  year={2012},
  publisher={Nature Publishing Group}
}

@article{gower2014principal,
  title={Principal coordinates analysis},
  author={Gower, John C},
  journal={Wiley StatsRef: Statistics Reference Online},
  year={2014},
  doi={10.1002/9781118445112.stat02470},
  publisher={Wiley Online Library}
}

@article{gubser2017edge,
  title={Edge length dynamics on graphs with applications to p-adic {AdS/CFT}},
  author={Gubser, Steven S and Heydeman, Matthew and Jepsen, Christian and Marcolli, Matilde and Parikh, Sarthak and Saberi, Ingmar and Stoica, Bogdan and Trundy, Brian},
  journal={Journal of High Energy Physics},
  volume={2017},
  number={6},
  pages={1--35},
  year={2017},
  publisher={Springer}
}

@article{kennedy2015observation,
  title={Observation of {B}ose--{E}instein condensation in a strong synthetic magnetic field},
  author={Kennedy, Colin J and Burton, William Cody and Chung, Woo Chang and Ketterle, Wolfgang},
  journal={Nat. Phys.},
  volume={11},
  number={10},
  pages={859--864},
  year={2015},
  publisher={Nature Publishing Group},
  doi={10.1038/nphys3421}
}

@article{bohnet2016quantum,
  title={Quantum spin dynamics and entanglement generation with hundreds of trapped ions},
  author={Bohnet, Justin G and Sawyer, Brian C and Britton, Joseph W and Wall, Michael L and Rey, Ana Maria and Foss-Feig, Michael and Bollinger, John J},
  journal={Science},
  volume={352},
  number={6291},
  pages={1297--1301},
  year={2016},
  publisher={American Association for the Advancement of Science},
  doi={10.1126/science.aad9958}
}

@article{pande1997statistical,
  title={Statistical mechanics of simple models of protein folding and design},
  author={Pande, Vijay S and Grosberg, Alexander Yu and Tanaka, Toyoichi},
  journal={Biophysical journal},
  volume={73},
  number={6},
  pages={3192--3210},
  year={1997},
  publisher={Elsevier},
  doi = {10.1016/S0006-3495(97)78345-0},

}

@article{struck2013engineering,
  title={Engineering {I}sing-{XY} spin-models in a triangular lattice using tunable artificial gauge fields},
  author={Struck, Julian and Weinberg, Malte and {\"O}lschl{\"a}ger, Christoph and Windpassinger, Patrick and Simonet, Juliette and Sengstock, Klaus and H{\"o}ppner, Robert and Hauke, Philipp and Eckardt, Andr{\'e} and Lewenstein, Maciej and others},
  journal={Nature Physics},
  volume={9},
  number={11},
  pages={738--743},
  year={2013},
  doi={10.1038/nphys2750},
  publisher={Nature Publishing Group}
}

@article{stamper2013spinor,
  title={Spinor {B}ose gases: Symmetries, magnetism, and quantum dynamics},
  author={Stamper-Kurn, Dan M and Ueda, Masahito},
  journal={Reviews of Modern Physics},
  volume={85},
  number={3},
  pages={1191},
  year={2013},
  publisher={APS},
  doi={10.1103/RevModPhys.85.1191}
}