@FOOTNOTE{Note1,key="Note1",note=" A similar phase reference for a non-unitary, yet deterministic, evolution induced by measurement was previously found in a different context in: N. Katz, M. Ansmann, R. C. Bialczak, E. Lucero, R. McDermott, M. Neeley, M. Steffen, E. M. Weig, A. N. Cleland, J. M. Martinis, and A. N. Korotkov, Science (New York, N.Y.) 312, 1498 (2006). "}
@FOOTNOTE{Note2,key="Note2",note=" Reversal of quantum jumps have been theoretically considered in a different context, see H. Mabuchi and P. Zoller, Phys. Rev. Lett. 76, 3108 (1996)."}
