@FOOTNOTE{Note1,key="Note1",note="Z. K. Minev \protect \textit  {et al.}, Energy-participation approach to the design of quantum Josephson circuits, in prep."}
@FOOTNOTE{Note2,key="Note2",note=" For related work on three-level superconducting systems, see Refs.~\protect \rev@citealpnum  {Gambetta2011-Purcell, Srinivasan2011, Diniz2013, Dumur2015, Roy2017-3qubits, Zhang2017}."}
@FOOTNOTE{Note3,key="Note3",note="Since the bandwidth of the measurement chain, $\kappa _{\protect \mathrm  {filter}}$, is significantly larger than that, $\kappa $, of the readout cavity, $\kappa _{\protect \mathrm  {filter}}\gg \kappa $, we can neglect the effect of $\kappa _{\protect \mathrm  {filter}}$ for simplicity of discussion, see Eqs.~\protect \textup  {\hbox {\mathsurround \z@ \protect \normalfont  (\ignorespaces \ref {eq:dI_rec}\unskip \@@italiccorr )}} and~\protect \textup  {\hbox {\mathsurround \z@ \protect \normalfont  (\ignorespaces \ref {eq:dQ_rec}\unskip \@@italiccorr )}}. "}
