
@article {avigad:18,
    AUTHOR = {Avigad, Jeremy},
     TITLE = {The mechanization of mathematics},
   JOURNAL = {Notices Amer. Math. Soc.},
  FJOURNAL = {Notices of the American Mathematical Society},
    VOLUME = {65},
      YEAR = {2018},
    NUMBER = {6},
     PAGES = {681--690},
}

@article {avigad:20,
    AUTHOR = {Avigad, Jeremy},
     TITLE = {Modularity in mathematics},
   JOURNAL = {Rev. Symb. Log.},
  FJOURNAL = {The Review of Symbolic Logic},
    VOLUME = {13},
      YEAR = {2020},
    NUMBER = {1},
     PAGES = {47--79},
      ISSN = {1755-0203},
   MRCLASS = {00A30 (03A05)},
  MRNUMBER = {4079161},
MRREVIEWER = {Russell Marcus},
       DOI = {10.1017/s1755020317000387},
       URL = {https://doi-org.cmu.idm.oclc.org/10.1017/s1755020317000387},
}

@article{avigad:harrison:14,
  author    = {Jeremy Avigad and
               John Harrison},
  title     = {Formally verified mathematics},
  journal   = {Commun. {ACM}},
  volume    = {57},
  number    = {4},
  pages     = {66--75},
  year      = {2014},
  url       = {https://doi.org/10.1145/2591012},
  doi       = {10.1145/2591012},
}

@article{baanen:et:al:22,
  author    = {Anne Baanen and
               Sander R. Dahmen and
               Ashvni Narayanan and
               Filippo A. E. Nuccio Mortarino Majno di Capriglio},
  title     = {A Formalization of {Dedekind} Domains and Class Groups of Global Fields},
  journal   = {J. Autom. Reason.},
  volume    = {66},
  number    = {4},
  pages     = {611--637},
  year      = {2022},
  url       = {https://doi.org/10.1007/s10817-022-09644-0},
  doi       = {10.1007/s10817-022-09644-0},
  timestamp = {Mon, 05 Dec 2022 13:34:03 +0100},
  biburl    = {https://dblp.org/rec/journals/jar/BaanenDNC22.bib},
  bibsource = {dblp computer science bibliography, https://dblp.org}
}

@inproceedings{bentkamp:mir:avigad:23,
  author       = {Alexander Bentkamp and
                  Ramon Fern{\'{a}}ndez Mir and
                  Jeremy Avigad},
  editor       = {Sriram Sankaranarayanan and
                  Natasha Sharygina},
  title        = {Verified reductions for optimization},
  booktitle    = {Tools and Algorithms for the Construction and Analysis of Systems
                  (TACAS) 2023},
  pages        = {74--92},
  publisher    = {Springer},
  year         = {2023},
  url          = {https://doi.org/10.1007/978-3-031-30820-8\_8},
  doi          = {10.1007/978-3-031-30820-8\_8},
  timestamp    = {Sat, 13 May 2023 01:07:18 +0200},
  biburl       = {https://dblp.org/rec/conf/tacas/BentkampMA23.bib},
  bibsource    = {dblp computer science bibliography, https://dblp.org}
}

@inproceedings{boldo:melquiond:21,
  author    = {Sylvie Boldo and
               Guillaume Melquiond},
  title     = {Some Formal Tools for Computer Arithmetic: Flocq and Gappa},
  booktitle = {{IEEE} Symposium on Computer Arithmetic (ARITH) 2021},
  pages     = {111--114},
  publisher = {{IEEE}},
  year      = {2021},
  url       = {https://doi.org/10.1109/ARITH51176.2021.00031},
  doi       = {10.1109/ARITH51176.2021.00031},
  timestamp = {Tue, 23 Nov 2021 16:09:15 +0100},
  biburl    = {https://dblp.org/rec/conf/arith/BoldoM21.bib},
  bibsource = {dblp computer science bibliography, https://dblp.org}
}

@inproceedings{brakensiek:et:al:20,
  author    = {Joshua Brakensiek and
               Marijn Heule and
               John Mackey and
               David Narv{\'{a}}ez},
  editor    = {Nicolas Peltier and
               Viorica Sofronie{-}Stokkermans},
  title     = {The Resolution of {Keller's} Conjecture},
  booktitle = {International Joint Conference on Automated Reasoning (IJCAR)
               2020},
  pages     = {48--65},
  publisher = {Springer},
  year      = {2020},
  url       = {https://doi.org/10.1007/978-3-030-51074-9\_4},
  doi       = {10.1007/978-3-030-51074-9\_4}
}

@article {buzzard:20,
    AUTHOR = {Buzzard, Kevin},
     TITLE = {Proving theorems with computers},
   JOURNAL = {Notices Amer. Math. Soc.},
  FJOURNAL = {Notices of the American Mathematical Society},
    VOLUME = {67},
      YEAR = {2020},
    NUMBER = {11},
     PAGES = {1791--1799},
}

@article{castelvecchi:21,
  author          = {Davide Castelvecchi},
  journal         = {Nature},
  title           = {Mathematicians welcome computer-assisted proof in ``grand unification'' theory},
  volume          = {595},
  pages           = {18--19},
  year            = {2021}
}

@inproceedings{clune:23,
  author    = {Joshua Clune},
  editor    = {Robbert Krebbers and
               Dmitriy Traytel and
               Brigitte Pientka and
               Steve Zdancewic},
  title     = {A Formalized Reduction of {Keller's} Conjecture},
  booktitle = {Conference on Certified Programs and Proofs (CPP) 2023},
  pages     = {90--101},
  publisher = {{ACM}},
  year      = {2023},
  url       = {https://doi.org/10.1145/3573105.3575669},
  doi       = {10.1145/3573105.3575669},
  timestamp = {Fri, 13 Jan 2023 13:05:42 +0100},
  biburl    = {https://dblp.org/rec/conf/cpp/Clune23.bib},
  bibsource = {dblp computer science bibliography, https://dblp.org}
}

@article {cohn:et:al:17,
    AUTHOR = {Cohn, Henry and Kumar, Abhinav and Miller, Stephen D. and
              Radchenko, Danylo and Viazovska, Maryna},
     TITLE = {The sphere packing problem in dimension 24},
   JOURNAL = {Ann. of Math. (2)},
  FJOURNAL = {Annals of Mathematics. Second Series},
    VOLUME = {185},
      YEAR = {2017},
    NUMBER = {3},
     PAGES = {1017--1033},
      ISSN = {0003-486X},
   MRCLASS = {52C17 (05B40 11H31)},
  MRNUMBER = {3664817},
MRREVIEWER = {Martin Henk},
       DOI = {10.4007/annals.2017.185.3.8},
       URL = {https://doi-org.cmu.idm.oclc.org/10.4007/annals.2017.185.3.8},
}

@article{davies:et:al:21,
  author    = {Alex Davies and
               Petar Velickovic and
               Lars Buesing and
               Sam Blackwell and
               Daniel Zheng and
               Nenad Tomasev and
               Richard Tanburn and
               Peter W. Battaglia and
               Charles Blundell and
               Andr{\'{a}}s Juh{\'{a}}sz and
               Marc Lackenby and
               Geordie Williamson and
               Demis Hassabis and
               Pushmeet Kohli},
  title     = {Advancing mathematics by guiding human intuition with {AI}},
  journal   = {Nat.},
  volume    = {600},
  number    = {7887},
  pages     = {70--74},
  year      = {2021},
  url       = {https://doi.org/10.1038/s41586-021-04086-x},
  doi       = {10.1038/s41586-021-04086-x},
  timestamp = {Tue, 28 Feb 2023 10:48:17 +0100},
  biburl    = {https://dblp.org/rec/journals/nature/DaviesVBBZTTBBJ21.bib},
  bibsource = {dblp computer science bibliography, https://dblp.org}
}

@inproceedings{desharnais:et:al:22,
  author    = {Martin Desharnais and
               Petar Vukmirovic and
               Jasmin Blanchette and
               Makarius Wenzel},
  editor    = {June Andronick and
               Leonardo de Moura},
  title     = {Seventeen Provers Under the Hammer},
  booktitle = {Interactive Theorem Proving (ITP) 2022},
  series    = {LIPIcs},
  volume    = {237},
  pages     = {8:1--8:18},
  publisher = {Schloss Dagstuhl - Leibniz-Zentrum f{\"{u}}r Informatik},
  year      = {2022},
  url       = {https://doi.org/10.4230/LIPIcs.ITP.2022.8},
  doi       = {10.4230/LIPIcs.ITP.2022.8},
  timestamp = {Wed, 07 Dec 2022 23:13:40 +0100},
  biburl    = {https://dblp.org/rec/conf/itp/DesharnaisVBW22.bib},
  bibsource = {dblp computer science bibliography, https://dblp.org}
}

@inproceedings{goertzel:et:al:22,
  author    = {Zarathustra Amadeus Goertzel and
               Jan Jakubuv and
               Cezary Kaliszyk and
               Miroslav Ols{\'{a}}k and
               Jelle Piepenbrock and
               Josef Urban},
  editor    = {June Andronick and
               Leonardo de Moura},
  title     = {The {Isabelle} {ENIGMA}},
  booktitle = {Interactive Theorem Proving (ITP) 2022},
  series    = {LIPIcs},
  volume    = {237},
  pages     = {16:1--16:21},
  publisher = {Schloss Dagstuhl - Leibniz-Zentrum f{\"{u}}r Informatik},
  year      = {2022},
  url       = {https://doi.org/10.4230/LIPIcs.ITP.2022.16},
  doi       = {10.4230/LIPIcs.ITP.2022.16},
  timestamp = {Thu, 29 Sep 2022 08:36:57 +0200},
  biburl    = {https://dblp.org/rec/conf/itp/GoertzelJKOPU22.bib},
  bibsource = {dblp computer science bibliography, https://dblp.org}
}

@article {gonthier:08,
    AUTHOR = {Gonthier, Georges},
     TITLE = {Formal proof---the four-color theorem},
   JOURNAL = {Notices Amer. Math. Soc.},
  FJOURNAL = {Notices of the American Mathematical Society},
    VOLUME = {55},
      YEAR = {2008},
    NUMBER = {11},
     PAGES = {1382--1393},
      ISSN = {0002-9920},
   MRCLASS = {05C15 (68T15)},
  MRNUMBER = {2463991},
MRREVIEWER = {Solomon Marcus},
}

@article {gouezel:shchur:19,
    AUTHOR = {Gou\"{e}zel, S\'{e}bastien and Shchur, Vladimir},
     TITLE = {Corrigendum: {A} corrected quantitative version of the {M}orse
              lemma},
   JOURNAL = {J. Funct. Anal.},
  FJOURNAL = {Journal of Functional Analysis},
    VOLUME = {277},
      YEAR = {2019},
    NUMBER = {4},
     PAGES = {1258--1268},
      ISSN = {0022-1236},
   MRCLASS = {20F67 (20F65)},
  MRNUMBER = {3959731},
       DOI = {10.1016/j.jfa.2019.02.021},
       URL = {https://doi-org.cmu.idm.oclc.org/10.1016/j.jfa.2019.02.021},
}

@article {grossman:05,
    AUTHOR = {Grossman, Jerrold W.},
     TITLE = {Patterns of research in mathematics},
   JOURNAL = {Notices Amer. Math. Soc.},
  FJOURNAL = {Notices of the American Mathematical Society},
    VOLUME = {52},
      YEAR = {2005},
    NUMBER = {1},
     PAGES = {35--41},
      ISSN = {0002-9920},
   MRCLASS = {00A05 (00A35)},
  MRNUMBER = {2105568},
}

@article {hales:05,
    AUTHOR = {Hales, Thomas C.},
     TITLE = {A proof of the {K}epler conjecture},
   JOURNAL = {Ann. of Math. (2)},
  FJOURNAL = {Annals of Mathematics. Second Series},
    VOLUME = {162},
      YEAR = {2005},
    NUMBER = {3},
     PAGES = {1065--1185},
      ISSN = {0003-486X},
   MRCLASS = {52C17},
  MRNUMBER = {2179728},
MRREVIEWER = {G\'{e}za T\'{o}th},
       DOI = {10.4007/annals.2005.162.1065},
       URL = {https://doi-org.cmu.idm.oclc.org/10.4007/annals.2005.162.1065},
}

@book {hales:12,
    AUTHOR = {Hales, Thomas C.},
     TITLE = {Dense sphere packings},
    SERIES = {London Mathematical Society Lecture Note Series},
    VOLUME = {400},
      NOTE = {A blueprint for formal proofs},
 PUBLISHER = {Cambridge University Press, Cambridge},
      YEAR = {2012},
     PAGES = {xiv+271},
      ISBN = {978-0-521-61770-3},
   MRCLASS = {52C17 (03B35 68T15)},
  MRNUMBER = {3012355},
MRREVIEWER = {J. C. Lagarias},
       DOI = {10.1017/CBO9781139193894},
       URL = {https://doi-org.cmu.idm.oclc.org/10.1017/CBO9781139193894},
}

@incollection {hales:14,
    AUTHOR = {Hales, Thomas C.},
     TITLE = {Mathematics in the age of the {T}uring machine},
 BOOKTITLE = {Turing's legacy: developments from {T}uring's ideas in logic},
    SERIES = {Lect. Notes Log.},
    VOLUME = {42},
     PAGES = {253--298},
 PUBLISHER = {Assoc. Symbol. Logic, La Jolla, CA},
      YEAR = {2014},
   MRCLASS = {03-03 (01A70 03B35 68-03 68T15)},
  MRNUMBER = {3497663},
MRREVIEWER = {Sohei Ito},
}

@article {hales:15,
    AUTHOR = {Hales, Thomas C.},
     TITLE = {Developments in formal proofs},
   JOURNAL = {Ast\'{e}risque},
  FJOURNAL = {Ast\'{e}risque},
    NUMBER = {367-368},
      YEAR = {2015},
     PAGES = {Exp. No. 1086, x, 387--410},
      ISSN = {0303-1179},
      ISBN = {978-2-85629-804-6},
   MRCLASS = {03B35 (03A99 68T15)},
  MRNUMBER = {3363597},
MRREVIEWER = {Reinhard Kahle},
}

@article {hales:et:al:10,
    AUTHOR = {Hales, Thomas C. and Harrison, John and McLaughlin, Sean and
              Nipkow, Tobias and Obua, Steven and Zumkeller, Roland},
     TITLE = {A revision of the proof of the {K}epler conjecture},
   JOURNAL = {Discrete Comput. Geom.},
  FJOURNAL = {Discrete \& Computational Geometry. An International Journal
              of Mathematics and Computer Science},
    VOLUME = {44},
      YEAR = {2010},
    NUMBER = {1},
     PAGES = {1--34},
      ISSN = {0179-5376},
   MRCLASS = {52C17 (03B35 05B40 90C05)},
  MRNUMBER = {2639816},
MRREVIEWER = {Uwe Schnell},
       DOI = {10.1007/s00454-009-9148-4},
       URL = {https://doi-org.cmu.idm.oclc.org/10.1007/s00454-009-9148-4},
}

@article {hales:et:al:17,
    AUTHOR = {Hales, Thomas and Adams, Mark and Bauer, Gertrud and Dang, Tat
              Dat and Harrison, John and Le Truong Hoang and Kaliszyk,
              Cezary and Magron, Victor and McLaughlin, Sean and Nguyen, Tat
              Thang and Nguyen, Quang Truong and Nipkow, Tobias and Obua,
              Steven and Pleso, Joseph and Rute, Jason and Solovyev, Alexey
              and Ta, Thi Hoai An and Tran, Nam Trung and Trieu, Thi Diep
              and Urban, Josef and Vu, Ky and Zumkeller, Roland},
     TITLE = {A formal proof of the {K}epler conjecture},
   JOURNAL = {Forum Math. Pi},
  FJOURNAL = {Forum of Mathematics. Pi},
    VOLUME = {5},
      YEAR = {2017},
     PAGES = {e2, 29},
   MRCLASS = {52C17 (05B40)},
  MRNUMBER = {3659768},
MRREVIEWER = {Martin Henk},
       DOI = {10.1017/fmp.2017.1},
}

@inproceedings{harrison:07,
  author    = {John Harrison},
  editor    = {Klaus Schneider and
               Jens Brandt},
  title     = {Verifying Nonlinear Real Formulas Via Sums of Squares},
  booktitle = {Theorem Proving in Higher Order Logics (TPHOLs) 2007},
  pages     = {102--118},
  publisher = {Springer},
  year      = {2007},
  url       = {https://doi.org/10.1007/978-3-540-74591-4\_9},
  doi       = {10.1007/978-3-540-74591-4\_9},
  timestamp = {Thu, 05 Sep 2019 14:51:32 +0200},
  biburl    = {https://dblp.org/rec/conf/tphol/Harrison07.bib},
  bibsource = {dblp computer science bibliography, https://dblp.org}
}

@incollection{harrison:urban:wiedijk:14,
  author    = {John Harrison and
               Josef Urban and
               Freek Wiedijk},
  editor    = {J{\"{o}}rg H. Siekmann},
  title     = {History of Interactive Theorem Proving},
  booktitle = {Computational Logic},
  series    = {Handbook of the History of Logic},
  volume    = {9},
  pages     = {135--214},
  publisher = {Elsevier},
  year      = {2014},
  url       = {https://doi.org/10.1016/B978-0-444-51624-4.50004-6},
  doi       = {10.1016/B978-0-444-51624-4.50004-6},
}

@book{haugeland:85,
  author    = {John Haugeland},
  title     = {Artificial intelligence: The very idea},
  publisher = {{MIT} Press},
  year      = {1985},
  isbn      = {9780262081535},
}

@article{helfgott:15,
  author = {Harald Andr\'es Helfgott},
  title  = {The ternary {Goldbach} problem},
  journal = {arXiv},
  volume    = {abs/1501.05438},
  year      = {2015},
}

@article{heule:kullmann:17,
  author    = {Marijn J. H. Heule and
               Oliver Kullmann},
  title     = {The science of brute force},
  journal   = {Commun. {ACM}},
  volume    = {60},
  number    = {8},
  pages     = {70--79},
  year      = {2017},
  url       = {https://doi.org/10.1145/3107239},
  doi       = {10.1145/3107239},
  timestamp = {Fri, 09 Apr 2021 18:23:22 +0200},
  biburl    = {https://dblp.org/rec/journals/cacm/HeuleK17.bib},
  bibsource = {dblp computer science bibliography, https://dblp.org}
}

@inproceedings{holzl:et:al:13,
  author    = {Johannes H{\"{o}}lzl and
               Fabian Immler and
               Brian Huffman},
  editor    = {Sandrine Blazy and
               Christine Paulin{-}Mohring and
               David Pichardie},
  title     = {Type Classes and Filters for Mathematical Analysis in {Isabelle/HOL}},
  booktitle = {Interactive Theorem Proving (ITP)
               2013},
  pages     = {279--294},
  publisher = {Springer},
  year      = {2013},
  url       = {https://doi.org/10.1007/978-3-642-39634-2\_21},
  doi       = {10.1007/978-3-642-39634-2\_21},
  timestamp = {Wed, 25 Sep 2019 18:17:56 +0200},
  biburl    = {https://dblp.org/rec/conf/itp/HolzlIH13.bib},
  bibsource = {dblp computer science bibliography, https://dblp.org}
}

@article{immler:18,
  author    = {Fabian Immler},
  title     = {A Verified {ODE} Solver and the {Lorenz} Attractor},
  journal   = {J. Autom. Reason.},
  volume    = {61},
  number    = {1-4},
  pages     = {73--111},
  year      = {2018},
  url       = {https://doi.org/10.1007/s10817-017-9448-y},
  doi       = {10.1007/s10817-017-9448-y},
  timestamp = {Wed, 02 Sep 2020 13:30:06 +0200},
  biburl    = {https://dblp.org/rec/journals/jar/Immler18.bib},
  bibsource = {dblp computer science bibliography, https://dblp.org}
}

@article{jiang:et:al:22,
  author    = {Albert Q. Jiang and
               Sean Welleck and
               Jin Peng Zhou and
               Wenda Li and
               Jiacheng Liu and
               Mateja Jamnik and
               Timoth{\'{e}}e Lacroix and
               Yuhuai Wu and
               Guillaume Lample},
  title     = {Draft, Sketch, and Prove: Guiding Formal Theorem Provers with Informal
               Proofs},
  journal   = {CoRR},
  volume    = {abs/2210.12283},
  year      = {2022},
  url       = {https://doi.org/10.48550/arXiv.2210.12283},
  doi       = {10.48550/arXiv.2210.12283},
  eprinttype = {arXiv},
  eprint    = {2210.12283},
  timestamp = {Fri, 28 Oct 2022 14:21:57 +0200},
  biburl    = {https://dblp.org/rec/journals/corr/abs-2210-12283.bib},
  bibsource = {dblp computer science bibliography, https://dblp.org}
}

@article{kerjean:et:al:22,
  author          = {M. Kerjean and F. Le Roux and P. Massot and M. Mayero and Z. Mesnil and S. Modeste and J. Narboux and P. Rousselin},
  journal         = {La Gazette de le Soci\'et\'e Math\'ematique de France},
  number          = {174},
  title           = {Utilisation des assistants de preuves pour
l'enseignement en L1 Retours d'exp\'eriences},
  month           = {October},
  year            = {2022}
}

@article{mahboubi:et:al:19,
  author    = {Assia Mahboubi and
               Guillaume Melquiond and
               Thomas Sibut{-}Pinote},
  title     = {Formally Verified Approximations of Definite Integrals},
  journal   = {J. Autom. Reason.},
  volume    = {62},
  number    = {2},
  pages     = {281--300},
  year      = {2019},
  url       = {https://doi.org/10.1007/s10817-018-9463-7},
  doi       = {10.1007/s10817-018-9463-7},
  timestamp = {Wed, 02 Sep 2020 13:30:07 +0200},
  biburl    = {https://dblp.org/rec/journals/jar/MahboubiMS19.bib},
  bibsource = {dblp computer science bibliography, https://dblp.org}
}

@article{mahboubi:sibut:pinote:21,
  author    = {Assia Mahboubi and
               Thomas Sibut{-}Pinote},
  title     = {A Formal Proof of the Irrationality of {\(\zeta\)}(3)},
  journal   = {Log. Methods Comput. Sci.},
  volume    = {17},
  number    = {1},
  year      = {2021},
  url       = {https://lmcs.episciences.org/7193},
  timestamp = {Mon, 08 Mar 2021 17:46:18 +0100},
  biburl    = {https://dblp.org/rec/journals/lmcs/MahboubiS21.bib},
  bibsource = {dblp computer science bibliography, https://dblp.org}
}

@inproceedings{mathlib:20,
  editor    = {Jasmin Blanchette and
               Catalin Hritcu},
  author    = {The mathlib Community},
  title     = {The {Lean} mathematical library},
  booktitle = {Certified Programs and Proofs (CPP) 2020},
  pages     = {367--381},
  publisher = {{ACM}},
  year      = {2020},
  url       = {https://doi.org/10.1145/3372885.3373824},
  doi       = {10.1145/3372885.3373824},
  timestamp = {Sun, 02 Oct 2022 15:58:04 +0200},
  biburl    = {https://dblp.org/rec/conf/cpp/X20.bib},
  bibsource = {dblp computer science bibliography, https://dblp.org}
}

@article{mikula:et:al:23,
  author    = {Maciej Mikula and
               Szymon Antoniak and
               Szymon Tworkowski and
               Albert Qiaochu Jiang and
               Jin Peng Zhou and
               Christian Szegedy and
               Lukasz Kucinski and
               Piotr Milos and
               Yuhuai Wu},
  title     = {Magnushammer: {A} Transformer-based Approach to Premise Selection},
  journal   = {CoRR},
  volume    = {abs/2303.04488},
  year      = {2023},
  url       = {https://doi.org/10.48550/arXiv.2303.04488},
  doi       = {10.48550/arXiv.2303.04488},
  eprinttype = {arXiv},
  eprint    = {2303.04488},
  timestamp = {Wed, 15 Mar 2023 17:23:45 +0100},
  biburl    = {https://dblp.org/rec/journals/corr/abs-2303-04488.bib},
  bibsource = {dblp computer science bibliography, https://dblp.org}
}

@proceedings{national:academies:23,
  editor          = {Samantha Koretsky},
  publisher       = {National Academies Press, Washington, DC},
  title           = {Artificial Intelligence to Assist Mathematical Reasoning: Proceedings of a Workshop},
  year            = {2023}
}

@inproceedings{pottier:08,
  author    = {Loic Pottier},
  editor    = {Piotr Rudnicki and
               Geoff Sutcliffe and
               Boris Konev and
               Renate A. Schmidt and
               Stephan Schulz},
  title     = {Connecting {Gr{\"{o}}bner} Bases Programs with {Coq} to do Proofs
               in Algebra, Geometry and Arithmetics},
  booktitle = {Knowledge Exchange: Automated Provers and Proof Assistants},
  series    = {{CEUR} Workshop Proceedings},
  volume    = {418},
  publisher = {CEUR-WS.org},
  year      = {2008},
  url       = {https://ceur-ws.org/Vol-418/paper5.pdf},
  timestamp = {Fri, 10 Mar 2023 16:22:21 +0100},
  biburl    = {https://dblp.org/rec/conf/lpar/Pottier08.bib},
  bibsource = {dblp computer science bibliography, https://dblp.org}
}

@book{reich:20,
  title={Failure to Disrupt: Why Technology Alone Can't Transform Education},
  author={Reich, Justin},
  isbn={9780674089044},
  lccn={2020012257},
  year={2020},
  publisher={Harvard University Press},
  address={Cambridge, MA}
}

@article{richard:sun:21,
  author    = {Serge Richard and
               Qiwen Sun},
  title     = {Bibliometric analysis on mathematics, 3 snapshots: 2005, 2010, 2015},
  journal   = {CoRR},
  volume    = {abs/2102.06831},
  year      = {2021},
  url       = {https://arxiv.org/abs/2102.06831},
  eprinttype = {arXiv},
  eprint    = {2102.06831},
  timestamp = {Thu, 18 Feb 2021 15:26:00 +0100},
  biburl    = {https://dblp.org/rec/journals/corr/abs-2102-06831.bib},
  bibsource = {dblp computer science bibliography, https://dblp.org}
}

@article {turing:50,
    AUTHOR = {Turing, A. M.},
     TITLE = {Computing machinery and intelligence},
   JOURNAL = {Mind},
  FJOURNAL = {Mind. A Quarterly Review of Philosophy},
    VOLUME = {59},
      YEAR = {1950},
     PAGES = {433--460},
      ISSN = {0026-4423,1460-2113},
   MRCLASS = {65.0X},
  MRNUMBER = {37064},
       DOI = {10.1093/mind/LIX.236.433},
       URL = {https://doi.org/10.1093/mind/LIX.236.433},
}

@inproceedings{van:doorn:et:al:23,
  author    = {Floris van Doorn and
               Patrick Massot and
               Oliver Nash},
  editor    = {Robbert Krebbers and
               Dmitriy Traytel and
               Brigitte Pientka and
               Steve Zdancewic},
  title     = {Formalising the h-Principle and Sphere Eversion},
  booktitle = {Certified Programs and Proofs (CPP) 2023},
  pages     = {121--134},
  publisher = {{ACM}},
  year      = {2023},
  url       = {https://doi.org/10.1145/3573105.3575688},
  doi       = {10.1145/3573105.3575688},
  timestamp = {Fri, 13 Jan 2023 13:05:42 +0100},
  biburl    = {https://dblp.org/rec/conf/cpp/DoornMN23.bib},
  bibsource = {dblp computer science bibliography, https://dblp.org}
}

@article{wagner:21,
  author    = {Adam Zsolt Wagner},
  title     = {Constructions in combinatorics via neural networks},
  journal   = {CoRR},
  volume    = {abs/2104.14516},
  year      = {2021},
  url       = {https://arxiv.org/abs/2104.14516},
  eprinttype = {arXiv},
  eprint    = {2104.14516},
  timestamp = {Tue, 04 May 2021 15:12:43 +0200},
  biburl    = {https://dblp.org/rec/journals/corr/abs-2104-14516.bib},
  bibsource = {dblp computer science bibliography, https://dblp.org}
}
