@book{kahneman2011thinking,
  title={Thinking, fast and slow},
  author={Kahneman, Daniel},
  year={2011},
  publisher={macmillan}
}

@article{lecun2022path,
  title={A path towards autonomous machine intelligence},
  author={LeCun, Yann},
  journal={Open Review},
  year={2022}
}

@misc{gpt4,
  title={GPT-4 Technical Report},
  author={OpenAI},
  year={2023},
  note={arXiv preprint arXiv:2303.08774 [cs.CL]}
}

@article{chollet2019measure,
  title={On the measure of intelligence},
  author={Chollet, Fran{\c{c}}ois},
  journal={arXiv preprint arXiv:1911.01547},
  year={2019}
}

@article{mahowald2023dissociating,
  title={Dissociating language and thought in large language models: a cognitive perspective},
  author={Mahowald, Kyle and Ivanova, Anna A and Blank, Idan A and Kanwisher, Nancy and Tenenbaum, Joshua B and Fedorenko, Evelina},
  journal={arXiv preprint arXiv:2301.06627},
  year={2023}
}

@article{payne2020privacy,
  title={Privacy protection with AI: Survey of data-anonymization techniques},
  author={Payne, Brad},
  year={2020}
}

@incollection{nissenbaum2009privacy,
  title={Privacy in context},
  author={Nissenbaum, Helen},
  booktitle={Privacy in Context},
  year={2009},
  publisher={Stanford University Press}
}

@article{cobbe2021training,
  title={Training verifiers to solve math word problems},
  author={Cobbe, Karl and Kosaraju, Vineet and Bavarian, Mohammad and Chen, Mark and Jun, Heewoo and Kaiser, Lukasz and Plappert, Matthias and Tworek, Jerry and Hilton, Jacob and Nakano, Reiichiro and others},
  journal={arXiv preprint arXiv:2110.14168},
  year={2021}
}

@article{hendrycksmath2021,
  title={Measuring Mathematical Problem Solving With the MATH Dataset},
  author={Dan Hendrycks and Collin Burns and Saurav Kadavath and Akul Arora and Steven Basart and Eric Tang and Dawn Song and Jacob Steinhardt},
  journal={NeurIPS},
  year={2021}
}

@inproceedings{collins2022structured,
  title={Structured, flexible, and robust: benchmarking and improving large language models towards more human-like behavior in out-of-distribution reasoning tasks},
  author={Collins, Katherine M and Wong, Catherine and Feng, Jiahai and Wei, Megan and Tenenbaum, Josh},
  booktitle={Proceedings of the Annual Meeting of the Cognitive Science Society},
  volume={44},
  number={44},
  year={2022}
}

@inproceedings{maynez2020faithfulness,
  title={On Faithfulness and Factuality in Abstractive Summarization},
  author={Maynez, Joshua and Narayan, Shashi and Bohnet, Bernd and McDonald, Ryan},
  booktitle={Proceedings of the 58th Annual Meeting of the Association for Computational Linguistics},
  pages={1906--1919},
  year={2020}
}

@article{davis2015commonsense,
  title={Commonsense reasoning and commonsense knowledge in artificial intelligence},
  author={Davis, Ernest and Marcus, Gary},
  journal={Communications of the ACM},
  volume={58},
  number={9},
  pages={92--103},
  year={2015},
  publisher={ACM New York, NY, USA}
}


@Misc{tannerlecture2022,
  author =  {The University of Michigan},
  title={Tanner {L}ecture on {AI} and {H}uman {V}alues by {E}ric {H}orvitz}, 
  howpublished = {\url{https://www.youtube.com/watch?v=vsewugyXYXI}},
  month =    {November},
  day =          2,
  year =     2022
}
 

@article{singhal2022large,
  title={Large Language Models Encode Clinical Knowledge},
  author={Singhal, Karan and Azizi, Shekoofeh and Tu, Tao and Mahdavi, S Sara and Wei, Jason and Chung, Hyung Won and Scales, Nathan and Tanwani, Ajay and Cole-Lewis, Heather and Pfohl, Stephen and others},
  journal={arXiv preprint arXiv:2212.13138},
  year={2022}
}

@article{pilan2022text,
  title={The text anonymization benchmark (tab): A dedicated corpus and evaluation framework for text anonymization},
  author={Pil{\'a}n, Ildik{\'o} and Lison, Pierre and {\O}vrelid, Lilja and Papadopoulou, Anthi and S{\'a}nchez, David and Batet, Montserrat},
  journal={arXiv preprint arXiv:2202.00443},
  year={2022}
}

@inproceedings{bansal2021,
  title={Is the most accurate ai the best teammate? {O}ptimizing {AI} for teamwork},
  author={Bansal, Gagan and Nushi, Besmira and Kamar, Ece and Horvitz, Eric and Weld, Daniel S},
  booktitle={Proceedings of the {AAAI} Conference on Artificial Intelligence},
  volume={35},
  number={13},
  pages={11405--11414},
  year={2021}
}



 @MISC{CNETdirectorstatement2023,
   author =       "Guglielmo, Connie",
   title =        "{CNET} Is Experimenting With an {AI} Assist. {H}ere's Why",
   month =        "January",
   year =         "2023",
   url =          "\url{https://www.cnet.com/tech/cnet-is-experimenting-with-an-ai-assist-heres-why/}",
   note =         "[Online; posted 16-January-2023]",
 }


 @MISC{CNETpause2023,
   author =       "Leffer, Lauren",
   title =        "{CNET} Is Reviewing the Accuracy of All Its {AI}-Written Articles After Multiple Major Corrections",
   month =        "January",
   year =         "2023",
   url =          "\url{https://gizmodo.com/cnet-ai-chatgpt-news-robot-1849996151}",
   note =         "[Online; posted 17-January-2023]",
 }


@inproceedings{bohus2009,
  title={Models for multiparty engagement in open-world dialog},
  author={Bohus, Dan and Horvitz, Eric},
  booktitle={Proceedings of the SIGDIAL 2009 Conference, The 10th Annual Meeting of the Special Interest Group on Discourse and Dialogue},
  pages={10},
  year={2009}
}

@article{Reeder2022,
title = {Impact of artificial intelligence on US medical students' choice of radiology},
journal = {Clinical Imaging},
volume = {81},
pages = {67-71},
year = {2022},
author = {Kristen Reeder and Hwan Lee}}



@inproceedings{NEURIPS2021_260c2432,
 author = {Pillutla, Krishna and Swayamdipta, Swabha and Zellers, Rowan and Thickstun, John and Welleck, Sean and Choi, Yejin and Harchaoui, Zaid},
 booktitle = {Advances in Neural Information Processing Systems},
 pages = {4816--4828},
 title = {MAUVE: Measuring the Gap Between Neural Text and Human Text using Divergence Frontiers},
 volume = {34},
 year = {2021}
}

@article{brynjolfsson2017,
  title={What can machine learning do? Workforce implications},
  author={Brynjolfsson, Erik and Mitchell, Tom},
  journal={Science},
  volume={358},
  number={6370},
  pages={1530--1534},
  year={2017}
}

@inproceedings{disinfoICMI2022,
author = {Horvitz, Eric},
title = {On the Horizon: Interactive and Compositional Deepfakes},
year = {2022},
publisher = {Association for Computing Machinery},
booktitle = {Proceedings of the 2022 International Conference on Multimodal Interaction},
pages = {653–661}
}



@article{liu2022transformers,
  title={Transformers Learn Shortcuts to Automata},
  author={Liu, Bingbin and Ash, Jordan T and Goel, Surbhi and Krishnamurthy, Akshay and Zhang, Cyril},
  journal={arXiv preprint arXiv:2210.10749},
  year={2022}
}

@InProceedings{pmlr-v49-eldan16,
  title = 	 {The Power of Depth for Feedforward Neural Networks},
  author = 	 {Eldan, Ronen and Shamir, Ohad},
  booktitle = 	 {29th Annual Conference on Learning Theory},
  pages = 	 {907--940},
  year = 	 {2016},
  volume = 	 {49},
  series = 	 {Proceedings of Machine Learning Research},
  publisher =    {PMLR},
}

@article{olsson2022context,
  title={In-context learning and induction heads},
  author={Olsson, Catherine and Elhage, Nelson and Nanda, Neel and Joseph, Nicholas and DasSarma, Nova and Henighan, Tom and Mann, Ben and Askell, Amanda and Bai, Yuntao and Chen, Anna and others},
  journal={arXiv preprint arXiv:2209.11895},
  year={2022}
}

@article{chen2022towards,
  title={Towards understanding mixture of experts in deep learning},
  author={Chen, Zixiang and Deng, Yihe and Wu, Yue and Gu, Quanquan and Li, Yuanzhi},
  journal={arXiv preprint arXiv:2208.02813},
  year={2022}
}

@article{jelassi2022vision,
  title={Vision Transformers provably learn spatial structure},
  author={Jelassi, Samy and Sander, Michael E and Li, Yuanzhi},
  journal={arXiv preprint arXiv:2210.09221},
  year={2022}
}


@article{olah2020zoom,
  title={Zoom in: An introduction to circuits},
  author={Olah, Chris and Cammarata, Nick and Schubert, Ludwig and Goh, Gabriel and Petrov, Michael and Carter, Shan},
  journal={Distill},
  volume={5},
  number={3},
  pages={e00024--001},
  year={2020}
}

@inproceedings{kamar2012,
  title={Combining human and machine intelligence in large-scale crowdsourcing.},
  author={Kamar, Ece and Hacker, Severin and Horvitz, Eric},
  booktitle={AAMAS},
  volume={12},
  pages={467--474},
  year={2012}
}

@inproceedings{wilder2020,
 title={Learning to complement humans},
  author={Wilder, Bryan and Horvitz, Eric and Kamar, Ece},
  booktitle={Proceedings of the {AAAI} Conference on Artificial Intelligence},
  year={2020}
}

@inproceedings{shahaf2010,
  title={Generalized task markets for human and machine computation},
  author={Shahaf, Dafna and Horvitz, Eric},
  booktitle={Twenty-Fourth {AAAI} Conference on Artificial Intelligence},
  year={2010}
}

@inproceedings{bansal2019,
  title={Updates in human-ai teams: Understanding and addressing the performance/compatibility tradeoff},
  author={Bansal, Gagan and Nushi, Besmira and Kamar, Ece and Weld, Daniel S and Lasecki, Walter S and Horvitz, Eric},
  booktitle={Proceedings of the {AAAI} Conference on Artificial Intelligence},
  volume={33},
  number={01},
  pages={2429--2437},
  year={2019}
}
@article{humaneval,
  title={Evaluating Large Language Models Trained on Code},
  author={Mark Chen and Jerry Tworek and Heewoo Jun and Qiming Yuan and Henrique Ponde de Oliveira Pinto and Jared Kaplan and Harri Edwards and Yuri Burda and Nicholas Joseph and Greg Brockman and Alex Ray and Raul Puri and Gretchen Krueger and Michael Petrov and Heidy Khlaaf and Girish Sastry and Pamela Mishkin and Brooke Chan and Scott Gray and Nick Ryder and Mikhail Pavlov and Alethea Power and Lukasz Kaiser and Mohammad Bavarian and Clemens Winter and Philippe Tillet and Felipe Petroski Such and Dave Cummings and Matthias Plappert and Fotios Chantzis and Elizabeth Barnes and Ariel Herbert-Voss and William Hebgen Guss and Alex Nichol and Alex Paino and Nikolas Tezak and Jie Tang and Igor Babuschkin and Suchir Balaji and Shantanu Jain and William Saunders and Christopher Hesse and Andrew N. Carr and Jan Leike and Josh Achiam and Vedant Misra and Evan Morikawa and Alec Radford and Matthew Knight and Miles Brundage and Mira Murati and Katie Mayer and Peter Welinder and Bob McGrew and Dario Amodei and Sam McCandlish and Ilya Sutskever and Wojciech Zaremba},
  year={2021},
  eprint={2107.03374},
  archivePrefix={arXiv},
  primaryClass={cs.LG}
}


@inproceedings{aidisplay1995,
   title={Display of information for time-critical decision making},
  author={Horvitz, Eric and Barry, Matthew},
  booktitle={Proceedings of the UAI},
  year={1995}
}

@inproceedings{amershi2019,
  title={Guidelines for human-{AI} interaction},
  author={Amershi, Saleema and Weld, Dan and Vorvoreanu, Mihaela and Fourney, Adam and Nushi, Besmira and Collisson, Penny and Suh, Jina and Iqbal, Shamsi and Bennett, Paul N and Inkpen, Kori and Teevan, Jaime and Kikin-Gil, Ruth and Horvitz, Eric},
  booktitle={Proceedings of the 2019 CHI Conference on Human Factors in Computing Systems},
  pages={1--13},
  year={2019}
}


@inproceedings{lakkaraju2017,
  title={Identifying unknown unknowns in the open world: Representations and policies for guided exploration},
  author={Lakkaraju, Himabindu and Kamar, Ece and Caruana, Rich and Horvitz, Eric},
  booktitle={Thirty-first {AAAI} conference on artificial intelligence},
  year={2017}
}

@inproceedings{singla2015,
  title={Learning to hire teams},
  author={Singla, Adish and Horvitz, Eric and Kohli, Pushmeet and Krause, Andreas},
  booktitle={Third {AAAI} Conference on Human Computation and Crowdsourcing},
  year={2015}
}



@inproceedings{ramakrishnan2019,
  title={Overcoming blind spots in the real world: Leveraging complementary abilities for joint execution},
  author={Ramakrishnan, Ramya and Kamar, Ece and Nushi, Besmira and Dey, Debadeepta and Shah, Julie and Horvitz, Eric},
  booktitle={Proceedings of the {AAAI} Conference on Artificial Intelligence},
  volume={33},
  number={01},
  pages={6137--6145},
  year={2019}
}

@article{complementary2007,
  title={Complementary computing: {P}olicies for transferring callers from dialog systems to human receptionists},
  author={Horvitz, Eric and Paek, Tim},
  journal={User Modeling and User-Adapted Interaction},
  volume={17},
  number={1},
  pages={159--182},
  year={2007}
}

@inproceedings{mixedinit1999,
  title={Principles of mixed-initiative user interfaces},
  author={Horvitz, Eric},
  booktitle={Proceedings of the SIGCHI conference on Human Factors in Computing Systems},
  pages={159--166},
  year={1999}
}

@article{mixedinitfutures2007,
  title={Reflections on challenges and promises of mixed-initiative interaction},
  author={Horvitz, Eric},
  journal={AI Magazine},
  volume={28},
  number={2},
  year={2007}
}

@article{venturi2019spurious,
  title={Spurious valleys in one-hidden-layer neural network optimization landscapes},
  author={Venturi, Luca and Bandeira, Afonso S and Bruna, Joan},
  journal={Journal of Machine Learning Research},
  volume={20},
  pages={133},
  year={2019},
  publisher={MIT Press}
}

@article{ahn2022learning,
  title={Learning threshold neurons via the ``edge of stability"},
  author={Ahn, Kwangjun and Bubeck, S{\'e}bastien and Chewi, Sinho and Lee, Yin Tat and Suarez, Felipe and Zhang, Yi},
  journal={arXiv preprint arXiv:2212.07469},
  year={2022}
}

@inproceedings{
barak2022hidden,
title={Hidden Progress in Deep Learning: {SGD} Learns Parities Near the Computational Limit},
author={Boaz Barak and Benjamin L. Edelman and Surbhi Goel and Sham M. Kakade and eran malach and Cyril Zhang},
booktitle={Advances in Neural Information Processing Systems},
year={2022},
}

@article{zhang2022unveiling,
  title={Unveiling Transformers with LEGO: a synthetic reasoning task},
  author={Zhang, Yi and Backurs, Arturs and Bubeck, S{\'e}bastien and Eldan, Ronen and Gunasekar, Suriya and Wagner, Tal},
  journal={arXiv preprint arXiv:2206.04301},
  year={2022}
}

@inproceedings{NEURIPS2021_f197002b,
 author = {Bubeck, Sebastien and Sellke, Mark},
 booktitle = {Advances in Neural Information Processing Systems},
 editor = {M. Ranzato and A. Beygelzimer and Y. Dauphin and P.S. Liang and J. Wortman Vaughan},
 pages = {28811--28822},
 publisher = {Curran Associates, Inc.},
 title = {A Universal Law of Robustness via Isoperimetry},
 url = {https://proceedings.neurips.cc/paper/2021/file/f197002b9a0853eca5e046d9ca4663d5-Paper.pdf},
 volume = {34},
 year = {2021}
}

@article{
wei2022emergent,
title={Emergent Abilities of Large Language Models},
author={Jason Wei and Yi Tay and Rishi Bommasani and Colin Raffel and Barret Zoph and Sebastian Borgeaud and Dani Yogatama and Maarten Bosma and Denny Zhou and Donald Metzler and Ed H. Chi and Tatsunori Hashimoto and Oriol Vinyals and Percy Liang and Jeff Dean and William Fedus},
journal={Transactions on Machine Learning Research},
year={2022},
note={Survey Certification}
}

@article{lewkowycz2022solving,
  title={Solving quantitative reasoning problems with language models},
  author={Lewkowycz, Aitor and Andreassen, Anders and Dohan, David and Dyer, Ethan and Michalewski, Henryk and Ramasesh, Vinay and Slone, Ambrose and Anil, Cem and Schlag, Imanol and Gutman-Solo, Theo and others},
  journal={arXiv preprint arXiv:2206.14858},
  year={2022}
}

@article{bommarito2022gpt,
  title={GPT Takes the Bar Exam},
  author={Bommarito II, Michael and Katz, Daniel Martin},
  journal={arXiv preprint arXiv:2212.14402},
  year={2022}
}

@book{mohri2018foundations,
  title={Foundations of Machine Learning},
  author={Mohri, Mehryar and Rostamizadeh, Afshin and Talwalkar, Ameet},
  year={2018}, 
  publisher={MIT press}
}

@book{shalev2014understanding,
	Author = {Shalev-Shwartz, Shai and Ben-David, Shai},
	Publisher = {Cambridge university press},
	Title = {Understanding machine learning: From theory to algorithms},
	Year = {2014}}

@article{srivastava2022beyond,
  title={Beyond the Imitation Game: Quantifying and extrapolating the capabilities of language models},
  author={Srivastava, Aarohi and Rastogi, Abhinav and Rao, Abhishek and Shoeb, Abu Awal Md and Abid, Abubakar and Fisch, Adam and Brown, Adam R and Santoro, Adam and Gupta, Aditya and Garriga-Alonso, Adri{\`a} and others},
  journal={arXiv preprint arXiv:2206.04615},
  year={2022}
}

@article{legg2007universal,
  title={Universal intelligence: A definition of machine intelligence},
  author={Legg, Shane and Hutter, Marcus},
  journal={Minds and machines},
  volume={17},
  number={4},
  pages={391--444},
  year={2007},
  publisher={Springer}
}

@misc{gottfredson1997mainstream,
  title={Mainstream science on intelligence: An editorial with 52 signatories, history, and bibliography},
  author={Gottfredson, Linda S},
  journal={Intelligence},
  volume={24},
  number={1},
  pages={13--23},
  year={1997},
  publisher={JAI}
}
@book{wellman1992child,
  title={The child's theory of mind.},
  author={Wellman, Henry M},
  year={1992},
  publisher={The MIT Press}
}
@article{baron1985does,
  title={Does the autistic child have a “theory of mind”?},
  author={Baron-Cohen, Simon and Leslie, Alan M and Frith, Uta},
  journal={Cognition},
  volume={21},
  number={1},
  pages={37--46},
  year={1985},
  publisher={Elsevier}
}
@article{wei2022chain,
  title={Chain of thought prompting elicits reasoning in large language models},
  author={Wei, Jason and Wang, Xuezhi and Schuurmans, Dale and Bosma, Maarten and Chi, Ed and Le, Quoc and Zhou, Denny},
  journal={arXiv preprint arXiv:2201.11903},
  year={2022}
}

@article{murty2022fixing,
  title={Fixing model bugs with natural language patches},
  author={Murty, Shikhar and Manning, Christopher D and Lundberg, Scott and Ribeiro, Marco Tulio},
  journal={arXiv preprint arXiv:2211.03318},
  year={2022}
}

@article{mccarthy2006proposal,
  title={A proposal for the {D}artmouth summer research project on artificial intelligence, {A}ugust 31, 1955},
  author={McCarthy, John and Minsky, Marvin L and Rochester, Nathaniel and Shannon, Claude E},
  journal={AI magazine},
  volume={27},
  number={4},
  pages={12--12},
  year={2006}
}

@article{nakano2021webgpt,
  title={WebGPT: Browser-assisted question-answering with human feedback},
  author={Nakano, Reiichiro and Hilton, Jacob and Balaji, Suchir and Wu, Jeff and Ouyang, Long and Kim, Christina and Hesse, Christopher and Jain, Shantanu and Kosaraju, Vineet and Saunders, William and others},
  journal={arXiv preprint arXiv:2112.09332},
  year={2021}
}

@article{lenat1995cyc,
author = {Lenat, Douglas B.},
title = {CYC: A Large-Scale Investment in Knowledge Infrastructure},
year = {1995},
volume = {38},
number = {11},
journal = {Communications fo the ACM},
month = {nov},
pages = {33–38}
}

@article{sellam2020bleurt,
  title={BLEURT: Learning robust metrics for text generation},
  author={Sellam, Thibault and Das, Dipanjan and Parikh, Ankur P},
  journal={arXiv preprint arXiv:2004.04696},
  year={2020}
}

@inproceedings{papineni2002bleu,
  title={Bleu: a method for automatic evaluation of machine translation},
  author={Papineni, Kishore and Roukos, Salim and Ward, Todd and Zhu, Wei-Jing},
  booktitle={Proceedings of the 40th annual meeting of the Association for Computational Linguistics},
  pages={311--318},
  year={2002}
}

@inproceedings{lin2004rouge,
  title={Rouge: A package for automatic evaluation of summaries},
  author={Lin, Chin-Yew},
  booktitle={Text summarization branches out},
  pages={74--81},
  year={2004}
}

@article{lin2021truthfulqa,
  title={Truthfulqa: Measuring how models mimic human falsehoods},
  author={Lin, Stephanie and Hilton, Jacob and Evans, Owain},
  journal={arXiv preprint arXiv:2109.07958},
  year={2021}
}

@article{gokhale2022benchmarking,
  title={Benchmarking Spatial Relationships in Text-to-Image Generation},
  author={Gokhale, Tejas and Palangi, Hamid and Nushi, Besmira and Vineet, Vibhav and Horvitz, Eric and Kamar, Ece and Baral, Chitta and Yang, Yezhou},
  journal={arXiv preprint arXiv:2212.10015},
  year={2022}
}

@inproceedings{newellshawsimonGPS1959,
  title={Report on a general problem solving program},
  author={Newell, Allen and Shaw, John C and Simon, Herbert A},
  booktitle={IFIP congress},
  volume={256},
  pages={64},
  year={1959},
  organization={Pittsburgh, PA}
}

@article{lindsay1993dendral,
  title={DENDRAL: {A} case study of the first expert system for scientific hypothesis formation},
  author={Lindsay, Robert K and Buchanan, Bruce G and Feigenbaum, Edward A and Lederberg, Joshua},
  journal={Artificial Intelligence},
  volume={61},
  number={2},
  pages={209--261},
  year={1993},
  publisher={Elsevier}
}

@inproceedings{selman1996challenge,
  title={Challenge problems for artificial intelligence},
  author={Selman, Bart and Brooks, Rodney A and Dean, Thomas and Horvitz, Eric and Mitchell, Tom M and Nilsson, Nils J},
  booktitle={Proceedings of the National Conference on Artificial Intelligence},
  pages={1340--1345},
  year={1996}
}

@phdthesis{legg2008machine,
  title={Machine super intelligence},
  author={Legg, Shane},
  year={2008},
  school={Universit{\`a} della Svizzera italiana}
}

@article{gershman2015computational,
  title={Computational rationality: A converging paradigm for intelligence in brains, minds, and machines},
  author={Gershman, Samuel J and Horvitz, Eric J and Tenenbaum, Joshua B},
  journal={Science},
  volume={349},
  number={6245},
  pages={273--278},
  year={2015},
  publisher={American Association for the Advancement of Science}
}

@article{goertzel2014artificial,
  title={Artificial general intelligence: concept, state of the art, and future prospects},
  author={Goertzel, Ben},
  journal={Journal of Artificial General Intelligence},
  volume={5},
  number={1},
  pages={1},
  year={2014},
  publisher={De Gruyter Poland}
}

@inproceedings{Vas17,
 author = {Vaswani, Ashish and Shazeer, Noam and Parmar, Niki and Uszkoreit, Jakob and Jones, Llion and Gomez, Aidan N and Kaiser, \L ukasz and Polosukhin, Illia},
 booktitle = {Advances in Neural Information Processing Systems},
 title = {Attention is All you Need},
 volume = {30},
 year = {2017}
}

@inproceedings{gpt3,
 author = {Brown, Tom and Mann, Benjamin and Ryder, Nick and Subbiah, Melanie and Kaplan, Jared D and Dhariwal, Prafulla and Neelakantan, Arvind and Shyam, Pranav and Sastry, Girish and Askell, Amanda and Agarwal, Sandhini and Herbert-Voss, Ariel and Krueger, Gretchen and Henighan, Tom and Child, Rewon and Ramesh, Aditya and Ziegler, Daniel and Wu, Jeffrey and Winter, Clemens and Hesse, Chris and Chen, Mark and Sigler, Eric and Litwin, Mateusz and Gray, Scott and Chess, Benjamin and Clark, Jack and Berner, Christopher and McCandlish, Sam and Radford, Alec and Sutskever, Ilya and Amodei, Dario},
 booktitle = {Advances in Neural Information Processing Systems},
 pages = {1877--1901},
 title = {Language Models are Few-Shot Learners},
 volume = {33},
 year = {2020}
}

@inproceedings{cote2018textworld,
  title={Textworld: A learning environment for text-based games},
  author={C{\^o}t{\'e}, Marc-Alexandre and K{\'a}d{\'a}r, Akos and Yuan, Xingdi and Kybartas, Ben and Barnes, Tavian and Fine, Emery and Moore, James and Hausknecht, Matthew and Asri, Layla El and Adada, Mahmoud and others},
  booktitle={Workshop on Computer Games},
  pages={41--75},
  year={2018},
  organization={Springer}
}


%%%%%%%%%%%%%%%%%%%%%%%%%%%%%%%%%%%%%%%%%%5




@inproceedings{wolf-etal-2020-transformers,
    title = "Transformers: State-of-the-Art Natural Language Processing",
    author = "Thomas Wolf and Lysandre Debut and Victor Sanh and Julien Chaumond and Clement Delangue and Anthony Moi and Pierric Cistac and Tim Rault and Rémi Louf and Morgan Funtowicz and Joe Davison and Sam Shleifer and Patrick von Platen and Clara Ma and Yacine Jernite and Julien Plu and Canwen Xu and Teven Le Scao and Sylvain Gugger and Mariama Drame and Quentin Lhoest and Alexander M. Rush",
    booktitle = "Proceedings of the 2020 Conference on Empirical Methods in Natural Language Processing: System Demonstrations",
    month = oct,
    year = "2020",
    address = "Online",
    publisher = "Association for Computational Linguistics",
    url = "https://www.aclweb.org/anthology/2020.emnlp-demos.6",
    pages = "38--45"
}

@inproceedings{huang2016deep,
  title={Deep networks with stochastic depth},
  author={Huang, Gao and Sun, Yu and Liu, Zhuang and Sedra, Daniel and Weinberger, Kilian Q},
  booktitle={European conference on computer vision},
  pages={646--661},
  year={2016},
}

@inproceedings{DBLP:conf/emnlp/SahaGSB20,
  author    = {Swarnadeep Saha and
               Sayan Ghosh and
               Shashank Srivastava and
               Mohit Bansal},
  editor    = {Bonnie Webber and
               Trevor Cohn and
               Yulan He and
               Yang Liu},
  title     = {PRover: Proof Generation for Interpretable Reasoning over Rules},
  booktitle = {Proceedings of the 2020 Conference on Empirical Methods in Natural
               Language Processing, {EMNLP}},
  pages     = {122--136},
  publisher = {Association for Computational Linguistics},
  year      = {2020},
}

@misc{
hendrycks2021measuring,
title={Measuring Mathematical Problem Solving With the {MATH} Dataset},
author={Dan Hendrycks and Collin Burns and Saurav Kadavath and Akul Arora and Steven Basart and Eric Tang and Dawn Song and Jacob Steinhardt},
year={2021},
}

@inproceedings{
li2021isarstep,
title={IsarStep: a Benchmark for High-level Mathematical Reasoning},
author={Wenda Li and Lei Yu and Yuhuai Wu and Lawrence C. Paulson},
booktitle={International Conference on Learning Representations},
year={2021},
}

@article{patel2022revisiting,
  title={Revisiting the Compositional Generalization Abilities of Neural Sequence Models},
  author={Patel, Arkil and Bhattamishra, Satwik and Blunsom, Phil and Goyal, Navin},
  journal={arXiv preprint arXiv:2203.07402},
  year={2022}
}

@article{chen2021latent,
  title={Latent execution for neural program synthesis beyond domain-specific languages},
  author={Chen, Xinyun and Song, Dawn and Tian, Yuandong},
  journal={Advances in Neural Information Processing Systems},
  volume={34},
  year={2021}
}

@article{saha2020prover,
  title={PRover: Proof generation for interpretable reasoning over rules},
  author={Saha, Swarnadeep and Ghosh, Sayan and Srivastava, Shashank and Bansal, Mohit},
  journal={arXiv preprint arXiv:2010.02830},
  year={2020}
}

@inproceedings{bhattamishra-etal-2020-ability,
    title = "On the {A}bility and {L}imitations of {T}ransformers to {R}ecognize {F}ormal {L}anguages",
    author = "Bhattamishra, Satwik  and
      Ahuja, Kabir  and
      Goyal, Navin",
    booktitle = "Proceedings of the 2020 Conference on Empirical Methods in Natural Language Processing (EMNLP)",
    year = "2020",
    pages = "7096--7116",
}

@article{agarwal2021analyzing,
  title={Analyzing the Nuances of Transformers' Polynomial Simplification Abilities},
  author={Agarwal, Vishesh and Aditya, Somak and Goyal, Navin},
  journal={arXiv preprint arXiv:2104.14095},
  year={2021}
}

@article{rogers2020primer,
  title={A primer in bertology: What we know about how bert works},
  author={Rogers, Anna and Kovaleva, Olga and Rumshisky, Anna},
  journal={Transactions of the Association for Computational Linguistics},
  volume={8},
  pages={842--866},
  year={2020},
  publisher={MIT Press}
}

@article{DBLP:journals/corr/abs-1906-04341,
  publtype={informal},
  author={Kevin Clark and Urvashi Khandelwal and Omer Levy and Christopher D. Manning},
  title={What Does BERT Look At? An Analysis of BERT's Attention},
  year={2019},
  journal={CoRR},
  volume={abs/1906.04341},
}

@inproceedings{lake2018generalization,
  title={Generalization without systematicity: On the compositional skills of sequence-to-sequence recurrent networks},
  author={Lake, Brenden and Baroni, Marco},
  booktitle={International conference on machine learning},
  pages={2873--2882},
  year={2018},
  organization={PMLR}
}

@inproceedings{
nye2022show,
title={Show Your Work: Scratchpads for Intermediate Computation with Language Models},
author={Maxwell Nye and Anders Johan Andreassen and Guy Gur-Ari and Henryk Michalewski and Jacob Austin and David Bieber and David Dohan and Aitor Lewkowycz and Maarten Bosma and David Luan and Charles Sutton and Augustus Odena},
booktitle={Deep Learning for Code Workshop},
year={2022},
url={https://openreview.net/forum?id=HBlx2idbkbq}
}

@article{thoppilan2022lamda,
  title={LaMDA: Language Models for Dialog Applications},
  author={Thoppilan, Romal and De Freitas, Daniel and Hall, Jamie and Shazeer, Noam and Kulshreshtha, Apoorv and Cheng, Heng-Tze and Jin, Alicia and Bos, Taylor and Baker, Leslie and Du, Yu and others},
  journal={arXiv preprint arXiv:2201.08239},
  year={2022}
}

@article{zhang2022opt,
  title={OPT: Open Pre-trained Transformer Language Models},
  author={Zhang, Susan and Roller, Stephen and Goyal, Naman and Artetxe, Mikel and Chen, Moya and Chen, Shuohui and Dewan, Christopher and Diab, Mona and Li, Xian and Lin, Xi Victoria and others},
  journal={arXiv preprint arXiv:2205.01068},
  year={2022}
}

@article{smith2022using,
  title={Using deepspeed and megatron to train megatron-turing nlg 530b, a large-scale generative language model},
  author={Smith, Shaden and Patwary, Mostofa and Norick, Brandon and LeGresley, Patrick and Rajbhandari, Samyam and Casper, Jared and Liu, Zhun and Prabhumoye, Shrimai and Zerveas, George and Korthikanti, Vijay and others},
  journal={arXiv preprint arXiv:2201.11990},
  year={2022}
}

@article{polu2022formal,
  title={Formal mathematics statement curriculum learning},
  author={Polu, Stanislas and Han, Jesse Michael and Zheng, Kunhao and Baksys, Mantas and Babuschkin, Igor and Sutskever, Ilya},
  journal={arXiv preprint arXiv:2202.01344},
  year={2022}
}

@article{hoffmann2022training,
  title={Training Compute-Optimal Large Language Models},
  author={Hoffmann, Jordan and Borgeaud, Sebastian and Mensch, Arthur and Buchatskaya, Elena and Cai, Trevor and Rutherford, Eliza and Casas, Diego de Las and Hendricks, Lisa Anne and Welbl, Johannes and Clark, Aidan and others},
  journal={arXiv preprint arXiv:2203.15556},
  year={2022}
}

@article{du2021glam,
  title={GLaM: Efficient Scaling of Language Models with Mixture-of-Experts},
  author={Du, Nan and Huang, Yanping and Dai, Andrew M and Tong, Simon and Lepikhin, Dmitry and Xu, Yuanzhong and Krikun, Maxim and Zhou, Yanqi and Yu, Adams Wei and Firat, Orhan and others},
  journal={arXiv preprint arXiv:2112.06905},
  year={2021}
}

@article{chowdhery2022palm,
  title={Palm: Scaling language modeling with pathways},
  author={Chowdhery, Aakanksha and Narang, Sharan and Devlin, Jacob and Bosma, Maarten and Mishra, Gaurav and Roberts, Adam and Barham, Paul and Chung, Hyung Won and Sutton, Charles and Gehrmann, Sebastian and others},
  journal={arXiv preprint arXiv:2204.02311},
  year={2022}
}

@article{rae2021scaling,
  title={Scaling language models: Methods, analysis \& insights from training gopher},
  author={Rae, Jack W and Borgeaud, Sebastian and Cai, Trevor and Millican, Katie and Hoffmann, Jordan and Song, Francis and Aslanides, John and Henderson, Sarah and Ring, Roman and Young, Susannah and others},
  journal={arXiv preprint arXiv:2112.11446},
  year={2021}
}

@inproceedings{
hu2022lora,
title={Lo{RA}: Low-Rank Adaptation of Large Language Models},
author={Hu, Edward J and Shen, Yelong and Wallis, Phillip and Allen-Zhu, Zeyuan and Li, Yuanzhi and Wang, Shean and Wang, Lu and Chen, Weizhu},
booktitle={International Conference on Learning Representations},
year={2022},
url={https://openreview.net/forum?id=nZeVKeeFYf9}
}

@inproceedings{
keysers2020measuring,
title={Measuring Compositional Generalization: A Comprehensive Method on Realistic Data},
author={Daniel Keysers and Nathanael Sch{\"a}rli and Nathan Scales and Hylke Buisman and Daniel Furrer and Sergii Kashubin and Nikola Momchev and Danila Sinopalnikov and Lukasz Stafiniak and Tibor Tihon and Dmitry Tsarkov and Xiao Wang and Marc van Zee and Olivier Bousquet},
booktitle={International Conference on Learning Representations},
year={2020},
}

@article{nie2020bongard,
  title={Bongard-logo: A new benchmark for human-level concept learning and reasoning},
  author={Nie, Weili and Yu, Zhiding and Mao, Lei and Patel, Ankit B and Zhu, Yuke and Anandkumar, Anima},
  journal={Advances in Neural Information Processing Systems},
  volume={33},
  pages={16468--16480},
  year={2020}
}

@article{radford2019language,
  title={Language models are unsupervised multitask learners},
  author={Radford, Alec and Wu, Jeffrey and Child, Rewon and Luan, David and Amodei, Dario and Sutskever, Ilya and others},
  journal={OpenAI blog},
  volume={1},
  number={8},
  pages={9},
  year={2019}
}
@article{raffel2020exploring,
  title={Exploring the Limits of Transfer Learning with a Unified Text-to-Text Transformer},
  author={Raffel, Colin and Shazeer, Noam and Roberts, Adam and Lee, Katherine and Narang, Sharan and Matena, Michael and Zhou, Yanqi and Li, Wei and Liu, Peter J},
  journal={Journal of Machine Learning Research},
  volume={21},
  pages={1--67},
  year={2020}
}
@article{chen2021decision,
  title={Decision transformer: Reinforcement learning via sequence modeling},
  author={Chen, Lili and Lu, Kevin and Rajeswaran, Aravind and Lee, Kimin and Grover, Aditya and Laskin, Misha and Abbeel, Pieter and Srinivas, Aravind and Mordatch, Igor},
  journal={Advances in neural information processing systems},
  volume={34},
  year={2021}
}
@article{rives2021biological,
  title={Biological structure and function emerge from scaling unsupervised learning to 250 million protein sequences},
  author={Rives, Alexander and Meier, Joshua and Sercu, Tom and Goyal, Siddharth and Lin, Zeming and Liu, Jason and Guo, Demi and Ott, Myle and Zitnick, C Lawrence and Ma, Jerry and others},
  journal={Proceedings of the National Academy of Sciences},
  volume={118},
  number={15},
  year={2021},
  publisher={National Acad Sciences}
}
@article{jumper2021highly,
  title={Highly accurate protein structure prediction with AlphaFold},
  author={Jumper, John and Evans, Richard and Pritzel, Alexander and Green, Tim and Figurnov, Michael and Ronneberger, Olaf and Tunyasuvunakool, Kathryn and Bates, Russ and {\v{Z}}{\'\i}dek, Augustin and Potapenko, Anna and others},
  journal={Nature},
  volume={596},
  number={7873},
  pages={583--589},
  year={2021},
  publisher={Nature Publishing Group}
}
@article{lapuschkin2019unmasking,
  title={Unmasking Clever Hans predictors and assessing what machines really learn},
  author={Lapuschkin, Sebastian and W{\"a}ldchen, Stephan and Binder, Alexander and Montavon, Gr{\'e}goire and Samek, Wojciech and M{\"u}ller, Klaus-Robert},
  journal={Nature communications},
  volume={10},
  number={1},
  pages={1--8},
  year={2019},
  publisher={Nature Publishing Group}
}

@article{geirhos2020shortcut,
  title={Shortcut learning in deep neural networks},
  author={Geirhos, Robert and Jacobsen, J{\"o}rn-Henrik and Michaelis, Claudio and Zemel, Richard and Brendel, Wieland and Bethge, Matthias and Wichmann, Felix A},
  journal={Nature Machine Intelligence},
  volume={2},
  number={11},
  pages={665--673},
  year={2020},
  publisher={Nature Publishing Group}
}

@ARTICLE{LeCun89,
  author={LeCun, Y. and Boser, B. and Denker, J. S. and Henderson, D. and Howard, R. E. and Hubbard, W. and Jackel, L. D.},
  journal={Neural Computation},
  title={Backpropagation Applied to Handwritten Zip Code Recognition},
  year={1989},
  volume={1},
  number={4},
  pages={541-551},}

@inproceedings{KSH12,
 author = {Krizhevsky, Alex and Sutskever, Ilya and Hinton, Geoffrey E},
 booktitle = {Advances in Neural Information Processing Systems},
 title = {ImageNet Classification with Deep Convolutional Neural Networks},
 volume = {25},
 year = {2012}
}

@article{devlin2018bert,
  title={Bert: Pre-training of deep bidirectional transformers for language understanding},
  author={Devlin, Jacob and Chang, Ming-Wei and Lee, Kenton and Toutanova, Kristina},
  journal={arXiv preprint arXiv:1810.04805},
  year={2018}
}

@article{lan2019albert,
  title={Albert: A lite bert for self-supervised learning of language representations},
  author={Lan, Zhenzhong and Chen, Mingda and Goodman, Sebastian and Gimpel, Kevin and Sharma, Piyush and Soricut, Radu},
  journal={arXiv preprint arXiv:1909.11942},
  year={2019}
}


@inproceedings{
ViT,
title={An Image is Worth 16x16 Words: Transformers for Image Recognition at Scale},
author={Alexey Dosovitskiy and Lucas Beyer and Alexander Kolesnikov and Dirk Weissenborn and Xiaohua Zhai and Thomas Unterthiner and Mostafa Dehghani and Matthias Minderer and Georg Heigold and Sylvain Gelly and Jakob Uszkoreit and Neil Houlsby},
booktitle={International Conference on Learning Representations},
year={2021},
}

@article{dalle2,
  title={Hierarchical Text-Conditional Image Generation with CLIP Latents},
  author={Ramesh, Aditya and Dhariwal, Prafulla and Nichol, Alex and Chu, Casey and Chen, Mark},
  journal={arXiv preprint arXiv:2204.06125},
  year={2022}
}

@article{PVR,
  title={Pointer Value Retrieval: A new benchmark for understanding the limits of neural network generalization},
  author={Zhang, Chiyuan and Raghu, Maithra and Kleinberg, Jon and Bengio, Samy},
  journal={arXiv preprint arXiv:2107.12580},
  year={2021}
}

@article{lewis2020retrieval,
  title={Retrieval-augmented generation for knowledge-intensive nlp tasks},
  author={Lewis, Patrick and Perez, Ethan and Piktus, Aleksandra and Petroni, Fabio and Karpukhin, Vladimir and Goyal, Naman and K{\"u}ttler, Heinrich and Lewis, Mike and Yih, Wen-tau and Rockt{\"a}schel, Tim and others},
  journal={Advances in Neural Information Processing Systems},
  volume={33},
  pages={9459--9474},
  year={2020}
}

@inproceedings{
Cordonnier2020On,
title={On the Relationship between Self-Attention and Convolutional Layers},
author={Jean-Baptiste Cordonnier and Andreas Loukas and Martin Jaggi},
booktitle={International Conference on Learning Representations},
year={2020},
}

@inproceedings{chollet2017xception,
  title={Xception: Deep learning with depthwise separable convolutions},
  author={Chollet, Fran{\c{c}}ois},
  booktitle={Proceedings of the IEEE conference on computer vision and pattern recognition},
  pages={1251--1258},
  year={2017}
}

@article{dai2021coatnet,
  title={Coatnet: Marrying convolution and attention for all data sizes},
  author={Dai, Zihang and Liu, Hanxiao and Le, Quoc V and Tan, Mingxing},
  journal={Advances in Neural Information Processing Systems},
  volume={34},
  pages={3965--3977},
  year={2021}
}

@inproceedings{liu2021Swin,
  title={Swin Transformer: Hierarchical Vision Transformer using Shifted Windows},
  author={Liu, Ze and Lin, Yutong and Cao, Yue and Hu, Han and Wei, Yixuan and Zhang, Zheng and Lin, Stephen and Guo, Baining},
  booktitle={Proceedings of the IEEE/CVF International Conference on Computer Vision (ICCV)},
  year={2021}
}

@article{jiang2020convbert,
  title={Convbert: Improving bert with span-based dynamic convolution},
  author={Jiang, Zi-Hang and Yu, Weihao and Zhou, Daquan and Chen, Yunpeng and Feng, Jiashi and Yan, Shuicheng},
  journal={Advances in Neural Information Processing Systems},
  volume={33},
  pages={12837--12848},
  year={2020}
}

@article{liu2022convnet,
  title={A ConvNet for the 2020s},
  author={Liu, Zhuang and Mao, Hanzi and Wu, Chao-Yuan and Feichtenhofer, Christoph and Darrell, Trevor and Xie, Saining},
  journal={arXiv preprint arXiv:2201.03545},
  year={2022}
}

@article{brown2020language,
  title={Language models are few-shot learners},
  author={Brown, Tom and Mann, Benjamin and Ryder, Nick and Subbiah, Melanie and Kaplan, Jared D and Dhariwal, Prafulla and Neelakantan, Arvind and Shyam, Pranav and Sastry, Girish and Askell, Amanda and others},
  journal={Advances in neural information processing systems},
  volume={33},
  pages={1877--1901},
  year={2020}
}

@inproceedings{toxigen,
    title = {{T}oxi{G}en: A Large-Scale Machine-Generated Dataset for Adversarial and Implicit Hate Speech Detection},
    author = {Hartvigsen, Thomas  and
      Gabriel, Saadia  and
      Palangi, Hamid  and
      Sap, Maarten  and
      Ray, Dipankar  and
      Kamar, Ece},
    booktitle	= {Proceedings of the 60th Annual Meeting of the Association for Computational Linguistics (Volume 1: Long Papers)},
    year = {2022},
    pages = {3309--3326}
}

@article{hatebert,
  author    = {Tommaso Caselli and
               Valerio Basile and
               Jelena Mitrovic and
               Michael Granitzer},
  title     = {HateBERT: Retraining {BERT} for Abusive Language Detection in English},
  booktitle  = {ArXiv},
  volume    = {abs/2010.12472},
  year      = {2021}
}

@inproceedings{PerspectiveAPI,
author    = {Jigsaw and Google’s Counter Abuse Technology team},
title={Using machine learning to reduce toxicity online},
url={https://perspectiveapi.com/},
year      = {2022}
}

@inproceedings{de2019bias,
  title={Bias in bios: A case study of semantic representation bias in a high-stakes setting},
  author={De-Arteaga, Maria and Romanov, Alexey and Wallach, Hanna and Chayes, Jennifer and Borgs, Christian and Chouldechova, Alexandra and Geyik, Sahin and Kenthapadi, Krishnaram and Kalai, Adam Tauman},
  booktitle={proceedings of the Conference on Fairness, Accountability, and Transparency},
  pages={120--128},
  year={2019}
}

@inproceedings{bender2021dangers,
  title={On the Dangers of Stochastic Parrots: Can Language Models Be Too Big?},
  author={Bender, Emily M and Gebru, Timnit and McMillan-Major, Angelina and Shmitchell, Shmargaret},
  booktitle={Proceedings of the 2021 ACM Conference on Fairness, Accountability, and Transparency},
  pages={610--623},
  year={2021}
}

@article{blodgett2020language,
  title={Language (technology) is power: A critical survey of" bias" in nlp},
  author={Blodgett, Su Lin and Barocas, Solon and Daum{\'e} III, Hal and Wallach, Hanna},
  journal={arXiv preprint arXiv:2005.14050},
  year={2020}
}

@inproceedings{hovy2016social,
  title={The social impact of natural language processing},
  author={Hovy, Dirk and Spruit, Shannon L},
  booktitle={Proceedings of the 54th Annual Meeting of the Association for Computational Linguistics (Volume 2: Short Papers)},
  pages={591--598},
  year={2016}
}

@article{bordia2019identifying,
  title={Identifying and reducing gender bias in word-level language models},
  author={Bordia, Shikha and Bowman, Samuel R},
  journal={arXiv preprint arXiv:1904.03035},
  year={2019}
}

@inproceedings{peng2019you,
  title={What you see is what you get? the impact of representation criteria on human bias in hiring},
  author={Peng, Andi and Nushi, Besmira and K{\i}c{\i}man, Emre and Inkpen, Kori and Suri, Siddharth and Kamar, Ece},
  booktitle={Proceedings of the {AAAI} Conference on Human Computation and Crowdsourcing},
  volume={7},
  pages={125--134},
  year={2019}
}

@article{bolukbasi2016man,
  title={Man is to computer programmer as woman is to homemaker? {D}ebiasing word embeddings},
  author={Bolukbasi, Tolga and Chang, Kai-Wei and Zou, James Y and Saligrama, Venkatesh and Kalai, Adam T},
  journal={Advances in neural information processing systems},
  volume={29},
  year={2016}
}

@book{ross2020everyday,
  title={Everyday bias: Identifying and navigating unconscious judgments in our daily lives},
  author={Ross, Howard J},
  year={2020},
  publisher={Rowman \& Littlefield}
}

@article{codegen,
  title={CodeGen: An Open Large Language Model for Code with Multi-Turn Program Synthesis},
  author={Nijkamp, Erik and Pang, Bo and Hayashi, Hiroaki and Tu, Lifu and Wang, Huan and Zhou, Yingbo and Savarese, Silvio and Xiong, Caiming},
  journal={arXiv preprint},
  year={2022}
}