@article{aharonov1964time,
  title={Time symmetry in the quantum process of measurement},
  author={Aharonov, Yakir and Bergmann, Peter G. and Lebowitz, Joel L.},
  journal={Physical Review},
  volume={134},
  number={6B},
  pages={B1410},
  year={1964},
  publisher={APS}
}
@article{aharonov1981can,
  title={Can we make sense out of the measurement process in relativistic quantum mechanics?},
  author={Aharonov, Yakir and Albert, David Z},
  journal={Physical Review D},
  volume={24},
  number={2},
  pages={359},
  year={1981},
  publisher={APS}
}
@article{aharonov1988result,
  title={How the result of a measurement of a component of the spin of a spin-1/2 particle can turn out to be 100},
  author={Aharonov, Yakir and Albert, David Z and Vaidman, Lev},
  journal={Physical review letters},
  volume={60},
  number={14},
  pages={1351},
  year={1988},
  publisher={APS}
}
@article{aharonov1991complete,
  title={Complete description of a quantum system at a given time},
  author={Aharonov, Yakir and Vaidman, Lev},
  journal={Journal of Physics A: Mathematical and General},
  volume={24},
  number={10},
  pages={2315},
  year={1991},
  publisher={IOP Publishing}
}
@book{aharonov2008quantum,
  title={Quantum paradoxes: quantum theory for the perplexed},
  author={Aharonov, Yakir and Rohrlich, Daniel},
  year={2008},
  publisher={John Wiley \& Sons}
}
@article{aharonov2010time,
  title={A time-symmetric formulation of quantum mechanics},
  author={Aharonov, Yakir and Popescu, Sandu and Tollaksen, Jeff},
  journal={digitalcommons.chapman.edu},
  year={2010}
}
@article{aharonov2014foundations,
  title={Foundations and applications of weak quantum measurements},
  author={Aharonov, Yakir and Cohen, Eliahu and Elitzur, Avshalom C.},
  journal={Physical Review A},
  volume={89},
  number={5},
  pages={052105},
  year={2014},
  publisher={APS}
}
@article{aharonov2015can,
  title={Can a future choice affect a past measurement's outcome?},
  author={Aharonov, Yakir and Cohen, Eliahu and Elitzur, Avshalom C.},
  journal={Annals of Physics},
  volume={355},
  pages={258--268},
  year={2015},
  publisher={Elsevier}
}
@ARTICLE{2015arXiv151206689A,
   author = {{Aharonov}, Yakir and {Cohen}, Eliahu and {Shushi}, Tomer},
    title = "{Accommodating Retrocausality with Free Will}",
  journal = {ArXiv e-prints},
archivePrefix = "arXiv",
   eprint = {1512.06689},
 primaryClass = "quant-ph",
 keywords = {Quantum Physics},
     year = 2015,
    month = dec,
   adsurl = {http://adsabs.harvard.edu/abs/2015arXiv151206689A},
  adsnote = {Provided by the SAO/NASA Astrophysics Data System}
}
@article{Aharonov:2014zta,
  author = "Aharonov, Yakir and Cohen, Eliahu and Gruss, Eyal and  Landsberger, Tomer",
  title  = "{Measurement and collapse within the two-state vector formalism}",
  journal        = "Quant. Stud. Math. Found.",
  volume         = "1",
  year           = "2014",
  number         = "1-2",
  pages          = "133-146",
  doi            = "10.1007/s40509-014-0011-9",
  SLACcitation   = "%%CITATION = INSPIRE-1384967;%%"
}
@article{aharonov2017twotime,
  title={The Two-Time Interpretation and Macroscopic Time-Reversibility},
  author={Aharonov, Yakir and Cohen, Eliahu and Landsberger, Tomer},
  journal={Entropy},
  volume={19(3)},
  year={2017},
  publisher={MDPI}
}
@article{Alber:2013yea,
      author         = "Alber, G. and Bern{\'a}d, J. Z. and Stobi{\'n}ska, M. and
                        S{\'a}nchez-Soto, L. L. and Leuchs, G.",
      title          = "{QED with a parabolic mirror}",
      journal        = "Phys. Rev.",
      volume         = "A88",
      year           = "2013",
      pages          = "023825",
      doi            = "10.1103/PhysRevA.88.023825",
      eprint         = "1305.2488",
      archivePrefix  = "arXiv",
      primaryClass   = "quant-ph",
      SLACcitation   = "%%CITATION = ARXIV:1305.2488;%%"
}
@article{andersson1986bose,
  title={Bose-{E}instein correlations and color strings},
  author={Andersson, Bo and Hofmann, Werner},
  journal={Physics Letters B},
  volume={169},
  number={4},
  pages={364--368},
  year={1986},
  publisher={Elsevier}
}
@article{Abreu:2007kv,
      author         = "Abreu, S. and others",
      editor         = "Armesto, N. and Borghini, N. and Jeon, S. and Wiedemann,
                        U. A.",
      title          = "{Proceedings, Workshop on Heavy Ion Collisions at the
                        LHC: Last Call for Predictions}",
      journal        = "J. Phys.",
      volume         = "G35",
      year           = "2008",
      pages          = "054001",
      doi            = "10.1088/0954-3899/35/5/054001",
      eprint         = "0711.0974",
      archivePrefix  = "arXiv",
      primaryClass   = "hep-ph",
      SLACcitation   = "%%CITATION = ARXIV:0711.0974;%%"
}
@article{Argaman2010Bell,
  title={Bell s Theorem and the Causal Arrow of Time},
  author={Argaman,Nathan},
  journal={American Journal of Physics},
  volume={78},
  number={10},
  pages={1007--1013},
  year={2010},   
  publisher={American Association of Physics Teachers},
  eprint = { https://arxiv.org/pdf/0807.2041}
}
@article{balzer2002relaxationless,
  title={A relaxationless demonstration of the Quantum Zeno paradox on an individual atom},
  author={Balzer, Christoph and Hannemann, Thilo and Rei{\ss}, Dirk and Wunderlich, Christof and Neuhauser, Werner and Toschek, Peter E.},
  journal={Optics communications},
  volume={211},
  number={1},
  pages={235--241},
  year={2002},
  publisher={Elsevier}
}
@book{barrett1999quantum,
  title={The quantum mechanics of minds and worlds},
  author={Barrett, Jeffrey A},
  year={1999},
  publisher={Oxford University Press}
}
@article{de1953mechanique,
  title={M{\'e}chanique quantique},
  author={de Beauregard, Olivier Costa},
  journal={Comptes Rendus Acad√©mie des Sciences},
  volume={238},
  year={1953}
}
@article{bedingham2017time,
  title={Time reversal symmetry and collapse models},
  author={Bedingham, Daniel J. and Maroney, Owen J.E.},
  journal={Foundations of Physics},
  volume={47},
  number={5},
  pages={670--696},
  year={2017},
  publisher={Springer}
}
@article{bell1964einstein,
  title={On the {Einstein-Podolsky-Rosen} paradox},
  author={Bell, John S.},
  journal={Physics},
  volume={1},
  number={3},
  pages={195--200},
  year={1964},
  publisher={World Scientific}
}
@article{blasi1995realism,
  title={Realism and time symmetry in quantum mechanics},
  author={Bl{\"a}si, Benedikt and Hardy, Lucien},
  journal={Physics Letters A},
  volume={207},
  number={3},
  pages={119--125},
  year={1995},
  publisher={Elsevier}
}
@article{block1991quantum,
  title={Quantum Zeno effect and quantum Zeno paradox in atomic physics},
  author={Block, Ellen and Berman, Paul R.},
  journal={Physical Review A},
  volume={44},
  number={3},
  pages={1466},
  year={1991},
  publisher={APS}
}
@book{bohm1951quantum,
  title={Quantum Theory},
  author={Bohm, David},
  year={1951},
  publisher={Prentice-Hall, Erglewood Cliffs}
}
@article{bohm1952suggested,
  title={A suggested interpretation of the quantum theory in terms of" hidden" variables. I},
  author={Bohm, David},
  journal={Physical review},
  volume={85},
  number={2},
  pages={166},
  year={1952},
  publisher={APS}
}
@article{bohm1957discussion,
  title={Discussion of experimental proof for the paradox of {Einstein, Rosen, and Podolsky}},
  author={Bohm, David and Aharonov, Yakir},
  journal={Physical Review},
  volume={108},
  number={4},
  pages={1070},
  year={1957},
  publisher={APS}
}
@article{bohr1935can,
  title={Can quantum-mechanical description of physical reality be considered complete?},
  author={Bohr, Niels},
  journal={Physical review},
  volume={48},
  number={8},
  pages={696},
  year={1935},
  publisher={APS}
}
@book{bohr1958physik,
  title={Die Physik und das Problem des Lebens},
  author={Bohr, Niels},
  year={1958},
  publisher={Vieweg}
}
@article{bopp2001ulm,
  title={Strings and {Hanbury-Brown-Twiss$\,$correlations in hadron$\,$physics}},
  author={Bopp,Fritz W.},
  journal={Theoretisch-Physikalischen Kolloquium der Universit{\"a}t Ulm},
  year={15.November 2001}
}
@article{Bopp:2010um,
      author         = "Bopp, Fritz W.",
      title          = "{Novel ideas about emergent vacua}",
      journal        = "Acta Phys. Polon.",
      volume         = "B42",
      year           = "2011",
      pages          = "1917",
      doi            = "10.5506/APhysPolB.42.1917",
      eprint         = "1010.4525",
      archivePrefix  = "arXiv",
      primaryClass   = "hep-ph",
      reportNumber   = "PREPRINT-SI-HEP-2010-17",
      SLACcitation   = "%%CITATION = ARXIV:1010.4525;%%"
}
@article{Bopp:2011zz,
      author         = "Bopp, Fritz W.",
      title          = "{Novel ideas about emergent vacua and Higgs-like
                        particles}",
      booktitle      = "{Hadron structure. Proceedings, 5th Joint International
                        Conference, Hadron Structure'11, HS'11, Tatranska Strba,
                        Slovakia, June 27-July 1, 2011}",
      journal        = "Nucl. Phys. Proc. Suppl.",
      volume         = "219-220",
      year           = "2011",
      pages          = "259-262",
      doi            = "10.1016/j.nuclphysbps.2011.10.106",
      SLACcitation   = "%%CITATION = NUPHZ,219-220,259;%%"
}
@article{Bopp:2016nxn,
      author         = "Bopp, Fritz W.",
      title          = "Time Symmetric Quantum Mechanics and Causal Classical
                        Physics",
      journal        = "Foundation of Physics",
      volume         = "47",
      year           = "2017",
      number         = "4",
      pages          = "490-504",
      doi            = "10.1007/s10701-017-0074-7",
      eprint         = "1604.04231",
      archivePrefix  = "arXiv",
      primaryClass   = "quant-ph",
      SLACcitation   = "%%CITATION = ARXIV:1604.04231;%%"
}
@inproceedings{Bopp:2018kiw,
      author         = "Bopp, Fritz W.",
      title          = "Causal Classical Physics in Time Symmetric Quantum
                        Mechanics",
      booktitle      = "{Proceedings of the 4th International Electronic
                        Conference on Entropy and Its Applications, Basel,
                        Switzerland, 2017. DOI:}",
      url            = "http://inspirehep.net/record/1653462/files/1802.02090.pdf",
      year           = "2018",
      doi            = "10.3390/ecea-4-05010",
      eprint         = "1802.02090",
      archivePrefix  = "arXiv",
      primaryClass   = "quant-ph",
      reportNumber   = "SI-HEP-2018-08",
      SLACcitation   = "%%CITATION = ARXIV:1802.02090;%%"
}
@article{bopp2019bi,
  title={A Bi-directional Big Bang/Crunch Universe within a Two-State-Vector Quantum Mechanics?},
  author={Bopp, Fritz W.},
  journal={Foundations of Physics},
  volume={49},
  number={1},
  pages={53--62},
  year={2019},
  publisher={Springer}
}
@article{Bopp:2019opk,
    author = "Bopp, Fritz W.",
    title = "{An intricate quantum statistical effect and the foundation of quantum mechanics}",
    eprint = "1909.01391",
    archivePrefix = "arXiv",
    primaryClass = "quant-ph",
    reportNumber = "SI-HEP-2021-06",
    doi = "10.1007/s10701-021-00408-1",
    journal = "Foundations of Physics",
    volume = "51",
    number = "1",
    pages = "15",
    year = "2021"
}
@article{bopp2020avoid,
  title={How to Avoid Absolute Determinismin Two Boundary Quantum Dynamics},
  author={Bopp, Fritz W},
  journal={Quantum Reports},
  volume={2},
  number={3},
  pages={442--449},
  year={2020},
  publisher={Multidisciplinary Digital Publishing Institute}
}
@article{bopp1940lineare,
  title={{Eine lineare Theorie des Elektrons}},
  author={Bopp, Fritz},
  journal={Annalen der Physik},
  volume={430},
  number={5},
  pages={345--384},
  year={1940},
  publisher={Wiley Online Library}
}
@article{bopp1966elementarvorgaenge,
  title={{Elementarvorgaenge der Quantenmechanik in stochastischer Sicht}},
  author={Bopp, Fritz},
  journal={Annalen der Physik},
  volume={472},
  number={7-8},
  pages={407--414},
  year={1966},
  publisher={Wiley Online Library}
}
@book{bopp2013werner,
  title={Werner Heisenberg und die Physik unserer Zeit},
  author={Bopp, Fritz},
  year={1961},
  publisher={Vieweg-Verlag, reprinted 2013}
}
@article{broglie1927structure,
  title={La structure atomique de la mati{\`e}re et du rayonnement et la m{\'e}chanique ondulatoire},
  author={Broglie, L de},
  journal={Comptes Rendus de l'Acad{\'e}mie des Sciences},
  volume={184},
  pages={273--274},
  year={1927}
}
@inproceedings{brown1957interferometry,
  title={Interferometry of the intensity fluctuations in light. {I}. {B}asic theory: the correlation between photons in coherent beams of radiation},
  author={Hanbury~Brown, Robert  and Twiss, Richard Q.},
  booktitle={Proceedings of the Royal Society of London A: Mathematical, Physical and Engineering Sciences},
  pages={300--324},
  year={1957},
  organization={The Royal Society}
}
@article{PhysRevA.94.052127,
  title = {Thermodynamical cost of some interpretations of quantum theory},
  author = {Cabello, Ad\'an and Gu, Mile and G\"uhne, Otfried and Larsson, Jan-\AA{}ke and Wiesner, Karoline},
  journal = {Phys. Rev. A},
  volume = {94},
  issue = {5},
  pages = {052127},
  numpages = {5},
  year = {2016},
  month = {Nov},
  publisher = {American Physical Society},
  doi = {10.1103/PhysRevA.94.052127},
  url = {https://link.aps.org/doi/10.1103/PhysRevA.94.052127}
}
@incollection{carroll2019mad,
  title={Mad-Dog everettianism: quantum mechanics at its most minimal},
  author={Carroll, Sean M. and Singh, Ashmeet},
  booktitle={What is Fundamental?},
  pages={95--104},
  year={2019},
  publisher={Springer}
}
@article{castagnino2017interpretations,
  title={Interpretations of quantum theory in the light of modern cosmology},
  author={Castagnino, Mario and Fortin, Sebastian and Laura, Roberto and Sudarsky, Daniel},
  journal={Foundations of Physics},
  volume={47},
  number={11},
  pages={1387--1422},
  year={2017},
  publisher={Springer}
}
@article{cerf2000pauli,
  title={Pauli cloning of a quantum bit},
  author={Cerf {}, Nicolas J.},
  journal={Physical review letters},
  volume={84},
  number={19},
  pages={4497},
  year={2000},
  publisher={APS}
}
@article{chowdhury2019inflation,
  title={Inflation after Planck: Judgment Day},
  author={Chowdhury, Debika and Martin, Jerome and Ringeval, Christophe and Vennin, Vincent},
  journal={arXiv preprint arXiv:1902.03951},
  year={2019}
}
@article{conway2006free,
  title={The free will theorem},
  author={Conway, John and Kochen, Simon},
  journal={Foundations of Physics},
  volume={36},
  number={10},
  pages={1441--1473},
  year={2006},
  publisher={Springer}
}
@article{craig1996observation,
  title={Observation of the final boundary condition: Extragalactic background radiation and the time symmetry of the universe},
  author={Craig, David A.},
  journal={annals of physics},
  volume={251},
  number={2},
  pages={384--425},
  year={1996},
  publisher={Elsevier}
}
@article{cramer1980generalized,
  title={Generalized absorber theory and the {Einstein-Podolsky-Rosen} paradox},
  author={Cramer, John G.},
  journal={Physical Review D},
  volume={22},
  number={2},
  pages={362},
  year={1980},
  publisher={APS}
}
@article{cramer1986transactional,
  title={The transactional interpretation of quantum mechanics},
  author={Cramer, John G.},
  journal={Reviews of Modern Physics},
  volume={58},
  number={3},
  pages={647},
  year={1986},
  publisher={APS}
}
@Article{Davidson2017,
author="Davidson, Mark",
title="On the {M{\"o}ssbauer} Effect and the Rigid Recoil Question",
journal="Foundations of Physics",
year="2017",
month="Mar",
day="01",
volume="47",
number="3",
pages="327--354",
<issn="1572-9516",
doi="10.1007/s10701-017-0064-9",
url="https://doi.org/10.1007/s10701-017-0064-9"
}
@article{davidson1979generalization,
  title={A generalization of the F{\'e}nyes‚ÄîNelson stochastic model of quantum mechanics},
  author={Davidson, Mark},
  journal={Letters in Mathematical Physics},
  volume={3},
  number={4},
  pages={271--277},
  year={1979},
  publisher={Springer}
}
@article{davidson1979origin,
  title={The origin of the algebra of quantum operators in the stochastic formulation of quantum mechanics},
  author={Davidson, Mark},
  journal={Letters in Mathematical Physics},
  volume={3},
  number={5},
  pages={367--376},
  year={1979},
  publisher={Springer}
}
@article{Davidson:2020fpx,
    author = "Davidson, Mark",
    title = {{Multi-valued vortex solutions to the Schr\"odinger equation and radiation}},
    doi = "10.1016/j.aop.2020.168196",
    journal = "Annals Phys.",
    volume = "418",
    pages = "168196",
    year = "2020"
}
@article{davies1993time,
  title={Time-symmetric cosmology and the opacity of the future light cone},
  author={Davies, Paul C.W. and Twamley, Jason},
  journal={Classical and Quantum Gravity},
  volume={10},
  number={5},
  pages={931},
  year={1993},
  publisher={IOP Publishing}
}
@article{dente2018causality,
  title={Causality in the Classical Limit for Quantum Electrodynamics},
  author={Dente, Gregory C.},
  journal={Foundations of Physics},
  volume={48},
  number={6},
  pages={628--635},
  year={2018},
  publisher={Springer}
}
@article{de1927mecanique,
  title={La m{\'e}canique ondulatoire et la structure atomique de la mati{\`e}re et du rayonnement},
  author={De Broglie, Louis},
  journal={J. Phys. Radium},
  volume={8},
  number={5},
  pages={225--241},
  year={1927}
}
@article{Donoghue:2017vvl,
      author         = "Donoghue, John F. and Menezes, Gabriel",
      title          = "{Inducing the Einstein action in QCD-like theories}",
      year           = "2017",
      eprint         = "1712.04468",
      archivePrefix  = "arXiv",
      primaryClass   = "hep-ph",
      SLACcitation   = "%%CITATION = ARXIV:1712.04468;%%"
}
@book{durr2009bohmian,
  title={Bohmian mechanics},
  author={D{\"u}rr, Detlef and Teufel, Stefan},
  year={2009},
  publisher={Springer}
}
@article{drexhage1974progress,
  title={Progress in optics, Vol},
  author={Drexhage, K.H. and Wolf, E.},
  journal={XIINorth-Holland, Amsterdam},
  pages={163},
  year={1974}
}
@article{einstein1935can,
  title={Can quantum-mechanical description of physical reality be considered complete?},
  author={Einstein, Albert and Podolsky, Boris and Rosen, Nathan},
  journal={Physical review},
  volume={47},
  number={10},
  pages={777},
  year={1935},
  publisher={APS}
}
@article{everett1957relative,
  title={"{R}elative state" formulation of quantum mechanics},
  author={Everett III, Hugh},
  journal={Reviews of modern physics},
  volume={29},
  number={3},
  pages={454},
  year={1957},
  publisher={APS}
}
@article{evans2015retrocausality,
  title={Retrocausality at no extra cost},
  author={Evans, Peter W.},
  journal={Synthese},
  volume={192},
  number={4},
  pages={1139--1155},
  year={2015},
  publisher={Springer}
}
@article{feynman1948space,
  title={Space-time approach to non-relativistic quantum mechanics},
  author={Feynman, Richard Phillips},
  journal={Reviews of Modern Physics},
  volume={20},
  number={2},
  pages={367},
  year={1948},
  publisher={APS}
}
@incollection{friebe2015messproblem,
  title={{Messproblem, Minimal- und Kollapsinterpretationen}},
  author={Friebe, Cord},
  booktitle={Philosophie der Quantenphysik},
  pages={43--78},
  year={2015},
  publisher={Springer}
}
@article{frenkel1925elektrodynamik,
  title={Zur elektrodynamik punktfoermiger elektronen},
  author={Frenkel, Jacov},
  journal={Zeitschrift f{\"u}r Physik},
  volume={32},
  number={1},
  pages={518--534},
  year={1925},
  publisher={Springer}
}
@article{ferreres2018space,
  title={The space--time structure of hadronization in the {L}und model},
  author={Ferreres-Sol{\'e}, Silvia and Sj{\"o}strand, Torbj{\"o}rn},
  journal={The European Physical Journal C},
  volume={78},
  number={11},
  pages={983},
  year={2018},
  publisher={Springer}
}
@book{friebe2014philosophie,
  title={Philosophie der Quantenphysik: Einf{\"u}hrung und Diskussion der zentralen Begriffe und Problemstellungen der Quantentheorie f{\"u}r Physiker und Philosophen},
  author={Friebe, Cord and Kuhlmann, Meinard and Lyre, Holger and N{\"a}ger, Paul and Passon, Oliver and St{\"o}ckler, Manfred},
  year={2014},
  publisher={Springer-Verlag}
}
@article{Gambini:2015zda,
      author         = "Gambini, Rodolfo and Pullin, Jorge",
      title          = "{The Montevideo Interpretation of Quantum Mechanics: a
                        short review}",
      year           = "2018",
      journal        =  {Entropy},
      volume         =  {20},
      number          =  {423},
      eprint         = "1502.03410",
      archivePrefix  = "arXiv",
      primaryClass   = "quant-ph",
      reportNumber   = "LSU-REL-021115",
      SLACcitation   = "%%CITATION = ARXIV:1502.03410;%%"
}
@article{gell1994time,
  title={Time symmetry and asymmetry in quantum mechanics and quantum cosmology},
  author={Gell-Mann, Murray and Hartle, James B.},
  journal={Physical origins of time asymmetry},
  volume={1},
  pages={311--345},
  year={1994},
  publisher={Cambridge University Press, Cambridge}
}
@article{ghirardi1986unified,
  title={Unified dynamics for microscopic and macroscopic systems},
  author={Ghirardi, Gian Carlo and Rimini, Alberto and Weber, Tullio},
  journal={Physical Review D},
  volume={34},
  number={2},
  pages={470},
  year={1986},
  publisher={APS}
}
@article{gold1958arrow,
  title={The Arrow of Time},
  author={Thomas Gold},
  year={1958},
  journal={{Proc. 11th Solvay Conf.}},
  publisher={Stoops, Brussels}
}
@article{goldstein2003opposite,
  title={Opposite arrows of time can reconcile relativity and nonlocality},
  author={Goldstein, Sheldon and Tumulka, Roderich},
  journal={Classical and Quantum Gravity},
  volume={20},
  number={3},
  pages={557},
  year={2003},
  publisher={IOP Publishing}
}
@book{gold1967nature,
  title={The Nature of Time},
  author={Thomas Gold},
  year={1967},
  publisher={Cornell University Press}
}
@article{Greenberg:2002uu,
      author         = "Greenberg, Oscar W.",
      title          = "{CPT violation implies violation of Lorentz invariance}",
      journal        = "Phys. Rev. Lett.",
      volume         = "89",
      year           = "2002",
      pages          = "231602",
      doi            = "10.1103/PhysRevLett.89.231602",
      eprint         = "hep-ph/0201258",
      archivePrefix  = "arXiv",
      primaryClass   = "hep-ph",
      reportNumber   = "PP-02-027",
      SLACcitation   = "%%CITATION = HEP-PH/0201258;%%"
}
@article{griffiths1984consistent,
  title={Consistent histories and the interpretation of quantum mechanics},
  author={Griffiths, Robert B.},
  journal={Journal of Statistical Physics},
  volume={36},
  number={1-2},
  pages={219--272},
  year={1984},
  publisher={Springer}
}
@article{guth1981inflationary,
  title={Inflationary universe: {A} possible solution to the horizon and flatness problems},
  author={Guth, Alan H},
  journal={Physical Review D},
  volume={23},
  number={2},
  pages={347},
  year={1981},
  publisher={APS}
}
@misc{haken1985laser,
  title={Laser light dynamics, Vol. 2},
  author={Haken, H.},
  year={1985},
  publisher={North-Holland, Amsterdam}
}
@article{hartle2020arrows,
  title={Arrows of Time and Initial and Final Conditions in the Quantum Mechanics of Closed Systems Like the Universe},
  author={Hartle, James B.},
  journal={arXiv:2002.07093},
  month = "2",
  year={2020}
}
@article{hartle2019impact,
  title={The Impact of Cosmology on Quantum Mechanics},
  author={Hartle, James B.},
  journal={arXiv:1901.03933},
  month = "1",
  year={2019}
}
@article{hellmuth1987delayed,
  title={Delayed-choice experiments in quantum interference},
  author={Hellmuth, Thomas and Walther, H. and Zajonc, A. and Schleich, W.},
  journal={Physical Review A},
  volume={35},
  number={6},
  pages={2532},
  year={1987},
  publisher={APS}
}
@article{hooft2007free,
  title={The free-will postulate in quantum mechanics},
  author={{'t Hooft}, Gerard},
   year           = "2007",
  journal={arXiv:quant-ph/070109},   
   eprint         = "quant-ph/0701097",
   archivePrefix  = "arXiv",
   primaryClass   = "quant-ph",
  month = "1"
}
@book{Hooft:2016Cellular,
      author         = {{'t Hooft}, Gerard},
      title          = "{The Cellular Automaton Interpretation of Quantum
                        Mechanics}",
      year           = "2016",
      eprint         = "1405.1548",
      archivePrefix  = "arXiv",
      primaryClass   = "quant-ph",
      publisher={Springer}
}
@article{hooft1990quantization,
  title={Quantization of discrete deterministic theories by Hilbert space extension},
  author={{'t Hooft, Gerard}},
  journal={Nuclear Physics B},
  volume={342},
  number={3},
  pages={471--485},
  year={1990},
  publisher={Elsevier}
}
@article{Hooft:2016itl,
 author         = "Hooft, Gerard t",
 title          = "{Black hole unitarity and antipodal entanglement}",
 year           = "2016",
 eprint         = "1601.03447",
 journal={arXiv preprint arXiv:1601.03447},
 archivePrefix  = "arXiv",
 primaryClass   = "gr-qc",
 SLACcitation   = "%%CITATION = ARXIV:1601.03447;%%"
}
@article{hossenfelder2020rethinking,
  title={Rethinking superdeterminism},
  author={Hossenfelder, Sabine and Palmer, Tim},
  journal={Frontiers in Physics},
  volume={8},
  pages={139},
  year={2020},
  publisher={Frontiers}
}
@article{itano1990quantum,
  title={Quantum zeno effect},
  author={Itano, Wayne M. and Heinzen, Daniel J. and Bollinger, J.J. and Wineland, D.J.},
  journal={Physical Review A},
  volume={41},
  number={5},
  pages={2295},
  year={1990},
  publisher={APS}
}
@article{jacques2008delayed,
  title={Delayed-choice test of quantum complementarity with interfering single photons},
  author={Jacques, Vincent and Wu, E. and Grosshans, Fr{\'e}d{\'e}ric and Treussart, Fran{\c{c}}ois and Grangier, Philippe and Aspect, Alain and Roch, Jean-Fran{\c{c}}ois},
  journal={Physical review letters},
  volume={100},
  number={22},
  pages={220402},
  year={2008},
  publisher={APS}
}
@book{joos2013decoherence,
  title={Decoherence and the appearance of a classical world in quantum theory},
  author={Joos, Erich and Zeh, H. Dieter and Kiefer, Claus and Giulini, Domenico J.W. and Kupsch, Joachim and Stamatescu, Ion-Olimpiu},
  year={2013},
  publisher={Springer Science \& Business Media}
}
@misc{pittphilsci11893,
           month = {February},
           title = {The Born Rule and Free Will},
          author = {Ruth Kastner},
            year = {2016},
            note = {Contribution to an edited collection by C. de Ronde et al},
        keywords = {Free will; agent causation; quantum theory; indeterminism; Born Rule},
             url = {http://philsci-archive.pitt.edu/11893/},
        abstract = {In the libertarian ``agent causation'' view of free will, free choices are attributable only to the choosing agent, as opposed to a specific cause or causes outside the agent. An often-repeated claim in the philosophical literature on free will is that agent causation necessarily implies lawlessness, and is therefore ``antiscientific." That claim is critiqued and it is argued, on the contrary, that the volitional powers of a free agent need not be viewed as anomic, specifically with regard to the quantum statistical law (the Born Rule). Assumptions about the role and nature of causation, taken as bearing on volitional agency, are examined and found inadequate to the task. Finally, it is suggested that quantum theory may constitute precisely the sort of theory required for a nomic grounding of libertarian free will. }
}
@book{kastner2012transactional,
  title={The transactional interpretation of quantum mechanics: the reality of possibility},
  author={Kastner, Ruth E.},
  year={2012},
  publisher={Cambridge University Press}
}
@book{kittel2005soft,
  title={Soft multihadron dynamics},
  author={Kittel, Wolfram and De Wolf, Eddi A.},
  year={2005},
  publisher={World Scientific}
}
@article{Kiefer2008siegen,
  title={{Zeitpfeil und Quantumgravitation}},
  author={Kiefer, Claus},
  journal={Physikalisches Kolloquium der Universit{\"a}t Siegen},
  year={19 Juni 2008}
}
@article{ma2014delayed,
  title={Delayed-choice gedanken experiments and their realizations},
  author={Ma, Xiao-song and Kofler, Johannes and Zeilinger, Anton},
  journal={arXiv preprint arXiv:1407.2930},
  year={2014}
}
@article{marsaglia1990toward,
  title={Toward a universal random number generator},
  author={Marsaglia, George and Zaman, Arif and Tsang, Wai Wan},
  journal={Statistics \& Probability Letters},
  volume={9},
  number={1},
  pages={35--39},
  year={1990},
  publisher={Elsevier}
}
@article{martin2007measurement,
  title={Measurement of energy eigenstates by a slow detector},
  author={Martin, I. and Zurek, W.H.},
  journal={Physical review letters},
  volume={98},
  number={12},
  pages={120401},
  year={2007},
  publisher={APS}
}
@book{mccauley1994chaos,
  title={Chaos, dynamics, and fractals: an algorithmic approach to deterministic chaos},
  author={McCauley, Joseph L.},
  year={1994},
  publisher={Cambridge University Press}
}
@article{mermin1998nonlocal,
  title={Nonlocal character of quantum theory?},
  author={Mermin, N. David},
  journal={American journal of physics},
  volume={66},
  number={10},
  pages={920--924},
  year={1998},
  publisher={American Association of Physics Teachers}
}
@article{mermin1998quantum,
  title={What is quantum mechanics trying to tell us?},
  author={Mermin, N. David},
  journal={American Journal of Physics},
  volume={66},
  number={9},
  pages={753--767},
  year={1998},
  publisher={American Association of Physics Teachers}
}
@article{metzger2011bose,
  title={Bose-{E}instein Correlations and the Tau-Model},
  author={Metzger, Wes J. and Nov{\'a}k, Tamas and Cs{\"o}rg{\H{o}}, Tamas and Kittel, Wolfram},
  journal={arXiv preprint arXiv:1105.1660},
  year={2011}
}
@article{miller1996realism,
  title={Realism and time symmetry in quantum mechanics},
  author={Miller, David J.},
  journal={Physics Letters A},
  volume={222},
  number={1},
  pages={31--36},
  year={1996},
  publisher={Elsevier}
}
@article{morita2015einstein,
  title={Einstein Dilemma and Two-State Vector Formalism},
  author={Morita, Kunihisa},
  journal={Journal of Quantum Information Science},
  volume={5},
  number={02},
  pages={41},
  year={2015},
  publisher={Scientific Research Publishing}
}
@article{oldofredi2020classification,
  title={On the Classification between $\psi$-Ontic and $\psi$-Epistemic Ontological Models?},
  author={Oldofredi, Andrea and Lopez, Cristian},
  journal={Foundations of Physics},
  volume={50},
  pages={1315--1345},
  year={2020},
  publisher={Springer}
}
@article{Penrose:1998dg,
      author         = "Penrose, Roger",
      title          = "{Quantum computation, entanglement and state reduction}",
      journal        = "Phil. Trans. Roy. Soc. Lond.",
      volume         = "A356",
      year           = "1998",
      pages          = "1927-1938",
      SLACcitation   = "%%CITATION = PTRSA,A356,1927;%%"
}
@book{PenroseRoad,
      author         = "Penrose, Roger",
      title          = "{The Road to Reality: A Complete Guide to the Laws of the Universe}",
      year           = "2005", 
      publisher={Alfred A. Knopf, Inc}
}
@book{peres2006quantum,
  title={Quantum theory: concepts and methods},
  author={Peres, Asher},
  volume={57},
  year={2006},
  publisher={Springer Science \& Business Media}
}
@article{plenio2008dephasing,
  title={Dephasing-assisted transport: quantum networks and biomolecules},
  author={Plenio, Martin B. and Huelga, Susana F.},
  journal={New Journal of Physics},
  volume={10},
  number={11},
  pages={113019},
  year={2008},
  publisher={IOP Publishing}
}
@article{pregnell2004retrodictive,
  title={Retrodictive quantum optical state engineering},
  author={Pregnell, Kenneth L. and Pegg, David T.},
  journal={Journal of Modern Optics},
  volume={51},
  number={11},
  pages={1613--1626},
  year={2004},
  publisher={Taylor \& Francis}
}
@article{price1994neglected,
  title={A neglected route to realism about quantum mechanics},
  author={Price, Huw},
  journal={Mind},
  pages={303--336},
  year={1994},
  publisher={JSTOR}
}
@article{price2012does,
  title={Does time-symmetry imply retrocausality? {H}ow the quantum world says Maybe?},
  author={Price, Huw},
  journal={Studies in History and Philosophy of Science Part B: Studies in History and Philosophy of Modern Physics},
  volume={43},
  number={2},
  pages={75--83},
  year={2012},
  publisher={Elsevier}
}
@article{quabis2000focusing,
  title={Focusing light to a tighter spot},
  author={Quabis, S. and Dorn, R and Eberler, M. and Gl{\"o}ckl, O. and Leuchs, G.},
  journal={Optics Communications},
  volume={179},
  number={1},
  pages={1--7},
  year={2000},
  publisher={Elsevier}
}
@article{reznik1995time,
  title={Time-symmetric formulation of quantum mechanics},
  author={Reznik, B. and Aharonov, Y.},
  journal={Physical Review A},
  volume={52},
  number={4},
  pages={2538},
  year={1995},
  publisher={APS}
}
@article{rietdijk1978proof,
  title={Proof of a retroactive influence},
  author={Rietdijk, C.W.},
  journal={Foundations of Physics},
  volume={8},
  number={7-8},
  pages={615--628},
  year={1978},
  publisher={Springer}
}
@article{ritz1908grundlagen,
  title={{\"U}ber die Grundlagen der Elektrodynamik un die Theorie der schwarzen Strahlung},
  author={Ritz, Walther},
  journal={Physikalische Zeitschrift},
  volume={9},
  pages={903--907},
  year={1908}
}
@article{ritz1909gegenwartigen,
  title={Zum gegenw{\"a}rtigen stand des strahlungsproblems},
  author={Ritz, Walter and Einstein, Albert},
  journal={Physikalische Zeitschrift},
  volume={10},
  pages={323--324},
  year={1909}
}
@book{sakurai2014modern,
  title={Modern quantum mechanics},
  author={Sakurai, Jun John and Napolitano, Jim J.},
  year={2014},
  publisher={Pearson Higher Ed}
}
@inproceedings{salari2011plausibility,
  title={Plausibility of quantum coherent states in biological systems},
  author={Salari, V. and Tuszynski, J. and Rahnama, M. and Bernroider, G.},
  booktitle={Journal of Physics: Conference Series},
  volume={306},
  number={1},
  pages={012075},
  year={2011},
  organization={IOP Publishing} } 
@article{Schlippert:2014xla,
      author         = "Schlippert, Dennis and Hartwig, Jonas and Albers, Henning
                        and Richardson, Logan L. and Schubert, Christian and
                        Roura, Albert and Schleich, Wolfgang P. and Ertmer, 
                        Wolfgang and Rasel, Ernst M.",
      title          = "{Quantum Test of the Universality of Free Fall}",
      journal        = "Phys. Rev. Lett.",
      volume         = "112",
      year           = "2014",
      pages          = "203002",
      doi            = "10.1103/PhysRevLett.112.203002",
      eprint         = "1406.4979",
      archivePrefix  = "arXiv",
      primaryClass   = "physics.atom-ph",
      SLACcitation   = "%%CITATION = ARXIV:1406.4979;%%"
}
@book{schulman1997Time,
  title={Time's Arrows and Quantum Measurement},
  author={Lawrence S. Schulman},
  year={1997},
  publisher={Cambridge University Press}
}
@article{leifer2017time,
  title={Is a time symmetric interpretation of quantum theory possible without retrocausality?},
  author={Leifer, Matthew S. and Pusey, Matthew F.},
  journal={Proceedings of the Royal Society A: Mathematical, Physical and Engineering Sciences},
  volume={473},
  number={2202},
  pages={20160607},
  year={2017},
  publisher={The Royal Society Publishing}
}
@article{schrodinger1935gegenwartige,
  title={{Die gegenw{\"a}rtige Situation in der Quantenmechanik}},
  author={Schr{\"o}dinger, Erwin},
  journal={Naturwissenschaften},
  volume={23},
  number={49},
  pages={823--828},
  year={1935},
  publisher={Springer}
}
@article{schrodinger1926stetige,
  title={{Der stetige {\"U}bergang von der Mikro- zur Makromechanik}},
  author={Schr{\"o}dinger, Erwin},
  journal={Naturwissenschaften},
  volume={14},
  number={28},
  pages={664--666},
  year={1926},
  publisher={Springer}
}
@article{shimony2001comment,
  title={Comment on "Nonlocal character of quantum theory," by Henry P. Stapp [Am. J. Phys. 65 (4), 300--304 (1997)]},
  author={Shimony, Abner and Stein, Howard},
  journal={American Journal of Physics},
  volume={69},
  number={8},
  pages={848--853},
  year={2001},
  publisher={American Association of Physics Teachers}
}
@article{sondermann2007design,
  title={Design of a mode converter for efficient light-atom coupling in free space},
  author={Sondermann, M. and Maiwald, R. and Konermann, H. and Lindlein, N. and Peschel, U. and Leuchs, G.},
  journal={Applied Physics B},
  volume={89},
  number={4},
  pages={489--492},
  year={2007},
  publisher={Springer}
}
@article{stapp1997nonlocal,
  title={Nonlocal character of quantum theory},
  author={Stapp, Henry P.},
  journal={American Journal of Physics},
  volume={65},
  number={4},
  pages={300--304},
  year={1997},
  publisher={American Association of Physics Teachers}
}
@article{stoica2016universe,
  title={The universe remembers no wavefunction collapse},
  author={Stoica, Ovidiu Cristinel},
  journal={arXiv preprint arXiv:1607.02076},
  year={2016}
}
@article{sussman1952spontane,
  title={Die spontane Lichtemission in der unit{\"a}ren Quantenelektrodynamik},
  author={S{\"u}ssmann, Georg},
  journal={Zeitschrift f{\"u}r Physik},
  volume={131},
  number={4},
  pages={629--662},
  year={1952},
  publisher={Springer}
}
@article{tamir2013introduction,
  title={Introduction to weak measurements and weak values},
  author={Tamir, Boaz and Cohen, Eliahu},
  journal={Quanta},
  volume={2},
  number={1},
  pages={7--17},
  year={2013}
}
@article{tetrode1922wirkungszusammenhang,
  title={{\"u}ber den Wirkungszusammenhang der Welt. Eine Erweiterung der klassischen Dynamik},
  author={Tetrode, Hugo},
  journal={Zeitschrift f{\"u}r Physik A Hadrons and Nuclei},
  volume={10},
  number={1},
  pages={317--328},
  year={1922},
  publisher={Springer}
}
@article{toschek2001does,
  title={What does an observed quantum system reveal to its observer?},
  author={Toschek, Peter E. and Wunderlich, Ch.},
  journal={The European Physical Journal D-Atomic, Molecular, Optical and Plasma Physics},
  volume={14},
  number={3},
  pages={387--396},
  year={2001},
  publisher={Springer}
}
@book{vaidman2014many,
  title={Many-worlds interpretation of quantum mechanics},
  author={Vaidman, Lev},
  publisher={The Stanford Encyclopedia of Philosophy (Fall 2018 Edition), Edward N. Zalta (ed.)},
  URL = { <https://plato.stanford.edu/archives/fall2018/entries/qm-manyworlds/>},
  year={2014}
}
@article{Vaidman:2014noa,
      author         = "Vaidman, Lev",
      title          = "{Quantum Theory and Determinism}",
      journal        = "Quant. Stud. Math. Found.",
      volume         = "1",
      year           = "2014",
      number         = "1-2",
      pages          = "5-38",
      doi            = "10.1007/s40509-014-0008-4",
      eprint         = "1405.4222",
      archivePrefix  = "arXiv",
      primaryClass   = "quant-ph",
      SLACcitation   = "%%CITATION = ARXIV:1405.4222;%%"
}
@Article{e21050447,
AUTHOR = {Vaidman, Lev},
TITLE = {Quantum Nonlocality},
JOURNAL = {Entropy},
VOLUME = {21},
YEAR = {2019},
NUMBER = {5},
ARTICLE-NUMBER = {447},
URL = {https://www.mdpi.com/1099-4300/21/5/447},
ISSN = {1099-4300},
ABSTRACT = {The role of physics is to explain observed phenomena [...]},
DOI = {10.3390/e21050447}
}
@incollection{vaidman2020derivations,
  title={Derivations of the Born rule},
  author={Vaidman, Lev},
  booktitle={Quantum, Probability, Logic},
  pages={567--584},
  year={2020},
  publisher={Springer}
}
@article{vaidman2014quantum,
  title={Quantum theory and determinism},
  author={Vaidman, Lev},
  journal={Quantum Studies: Mathematics and Foundations},
  volume={1},
  number={1-2},
  pages={5--38},
  year={2014},
  publisher={Springer}
}
@article{vaidman2019quantum,
  title={Quantum nonlocality},
  author={Vaidman, Lev},
  journal={Entropy},
  volume={21(5)},
  year={2019},
  publisher={Multidisciplinary Digital Publishing Institute}
}
@inproceedings{vanTilburg:2016awx,
      author         = "van Tilburg, Jeroen",
      title          = "{Measurements of CPT Violation at LHCb}",
      booktitle      = "{Proceedings, 7th Meeting on CPT and Lorentz Symmetry
                        (CPT 16): Bloomington, Indiana, USA, June 20-24, 2016}",
      collaboration  = "LHCb",
      year           = "2017",
      url            = "https://inspirehep.net/record/1475473/files/arXiv:1607.03620.pdf",
      pages          = "73-76",
      eprint         = "1607.03620",
      archivePrefix  = "arXiv",
      primaryClass   = "hep-ex",
      SLACcitation   = "%%CITATION = ARXIV:1607.03620;%%"
}
@article{walther2006cavity,
  title={Cavity quantum electrodynamics},
  author={Walther, Herbert and Varcoe, Benjamin T.H. and Englert, Berthold-Georg and Becker, Thomas},
  journal={Reports on Progress in Physics},
  volume={69},
  number={5},
  pages={1325},
  year={2006},
  publisher={IOP Publishing}
}
@unpublished{WernerRF,
 author={Werner, Reinhard F.},
 title={"{Quantenmechanik und Realitaet - Was ist Materie?}"},
 note={{in https://www.dpg-physik.de/vereinigungen/fachuebergreifend/ak/aiw/}
{wissenschaftliche-abendvortraege/impressionen (my translation)}}
}
@article{wheeler1945interaction,
  title={Interaction with the absorber as the mechanism of radiation},
  author={Wheeler, John Archibald and Feynman, Richard Phillips},
  journal={Reviews of Modern Physics},
  volume={17},
  number={2-3},
  pages={157},
  year={1945},
  publisher={APS}
}
@article{wheeler1949classical,
  title={Classical electrodynamics in terms of direct interparticle action},
  author={Wheeler, John Archibald and Feynman, Richard Phillips},
  journal={Reviews of modern physics},
  volume={21},
  number={3},
  pages={425},
  year={1949},
  publisher={APS}
}
@article{wheeler1984quantum,
  title={Quantum theory and measurement},
  author={Wheeler, John Archibald and Zurek, Wojciech Hubert and Ballentine, Leslie E.},
  journal={American Journal of Physics},
  volume={52},
  number={10},
  pages={955--955},
  year={1984},
  publisher={American Association of Physics Teachers}
}
@book{wheeler2014quantum,
  title={Quantum theory and measurement},
  author={Wheeler, John Archibald and Zurek, Wojciech Hubert},
  year={2014},
  publisher={Princeton University Press}
}
@article{wharton2019bell,
  title={Bell's Theorem and Spacetime-Based Reformulations of Quantum Mechanics},
  author={Wharton, Ken B. and Argaman, Nathan},
  journal={arXiv:1906.04313},
  year={2019}
}
@article{Wharton:2020qrq,
    author = "Wharton, K.B. and Argaman, N.",
    title = "{Colloquium : Bell's theorem and locally mediated reformulations of quantum mechanics}",
    eprint = "1906.04313",
    archivePrefix = "arXiv",
    primaryClass = "quant-ph",
    doi = "10.1103/RevModPhys.92.021002",
    journal = "Rev. Mod. Phys.",
    volume = "92",
    number = "2",
    pages = "021002",
    year = "2020"
}
@article{wharton2015towards,
  title={Towards a realistic parsing of the Feynman path integral},
  author={Wharton, Ken B.},
  journal={arXiv preprint arXiv:1512.00740},
  year={2015}
}
@article{wharton2010time,
  title={Time-symmetric boundary conditions and quantum foundations},
  author={Wharton, Ken},
  journal={Symmetry},
  volume={2},
  number={1},
  pages={272--283},
  year={2010},
  publisher={Molecular Diversity Preservation International}
}
@article{Wharton:2011kw,
      author         = "Wharton, Ken",
      title          = "{Quantum Theory without Quantization}",
      year           = "2011",
      journal={arXiv preprint arXiv: 1106.1254},
      eprint         = "1106.1254",
      archivePrefix  = "arXiv",
      primaryClass   = "quant-ph",
      SLACcitation   = "%%CITATION = ARXIV:1106.1254;%%"
}
@article{hernandez1990review,
  title={Review of particle properties},
  author={Hern{\'a}ndez, J.J. and Stone, J. and Porter, F.C. and Morrison, R.J. and Montanet, L. and Gieselmann, K. and Aguilar-Benitez, M. and Conforto, G. and Caso, C. and Roos, M. and others},
  journal={Physics Letters,(Section) B},
  volume={239},
  year={1990}
}
@book{wigner1961remarks,
  title={Remarks on the Mind Body question, in "{The Scientist Speculates}"},
  author={Wigner, Eugene P.},
  publisher={Heinmann, London},
  year={1961}
}
@article{zeh1993there,
  title={There are no quantum jumps, nor are there particles!},
  author={Zeh, Heinz Dieter},
  journal={Physics Letters A},
  volume={172},
  number={4},
  pages={189--192},
  year={1993},
  publisher={Elsevier}
}
@book{zeh2001physical,
  title={The physical basis of the direction of time},
  author={Zeh, Heinz Dieter},
  year={2001},
  publisher={Springer Science \& Business Media}
}
@article{zurek2003decoherence,
  title={Decoherence, einselection, and the quantum origins of the classical},
  author={Zurek, Wojciech Hubert},
  journal={Reviews of Modern Physics},
  volume={75},
  number={3},
  pages={715},
  year={2003},
  publisher={APS}
}
@misc{von1955fmethod,
  title={Method in the Physical Sciences, Collected Works, vol. 6; originally in L. Leary (Ed.): The Unity of Knowledge},
  author={von Neumann, John},
  year={1955},
  publisher={New York: Doubleday}
}
@book{neumann1932mathematische,
  title={Mathematische grundlagen der quantenmechanik},
  author={Neumann, Johann},
  year={1932},
  publisher={Verlag von Julius Springer Berlin}
}
@inproceedings{Yajnik:2006kn,
      author         = "Yajnik, U. A.",
      title          = "{Cosmology for Particle Physicists}",
      booktitle      = "{21st SERC School in Theoretical High Energy Physics
                        Ahmedabad, India, February 11-March 3, 2006}",
      url            = "http://inspirehep.net/record/740963/files/arXiv:0808.2236.pdf",
      year           = "2006",
      eprint         = "0808.2236",
      archivePrefix  = "arXiv",
      primaryClass   = "hep-ph",
      SLACcitation   = "%%CITATION = ARXIV:0808.2236;%%"
}
@article{yin2020entanglement,
  title={Entanglement-based secure quantum cryptography over 1,120 kilometres},
  author={Yin, Juan and Li, Yu-Huai and Liao, Sheng-Kai and Yang, Meng and Cao, Yuan and Zhang, Liang and Ren, Ji-Gang and Cai, Wen-Qi and Liu, Wei-Yue and Li, Shuang-Lin and others},
  journal={Nature},
  volume={582},
  number={7813},
  pages={501--505},
  year={2020},
  publisher={Nature Publishing Group}
}
@article{zurek1981pointer,
  title={Pointer basis of quantum apparatus: Into what mixture does the wave packet collapse?},
  author={Zurek, Wojciech H.},
  journal={Physical Review D},
  volume={24},
  number={6},
  pages={1516},
  year={1981},
  publisher={APS}
}
