%% This BibTeX bibliography file was created using BibDesk.
%% http://bibdesk.sourceforge.net/


%% Created for Steven Giddings at 2020-06-19 10:49:18 -0700 


%% Saved with string encoding Unicode (UTF-8) 



@article{Garfinkle:1993xk,
	Archiveprefix = {arXiv},
	Author = {Garfinkle, David and Giddings, Steven B. and Strominger, Andrew},
	Date-Added = {2020-06-19 10:49:12 -0700},
	Date-Modified = {2020-06-19 10:49:12 -0700},
	Doi = {10.1103/PhysRevD.49.958},
	Eprint = {gr-qc/9306023},
	Journal = {Phys. Rev. D},
	Pages = {958--965},
	Reportnumber = {UCSBTH-93-17, NSF-ITP-93-79},
	Title = {{Entropy in black hole pair production}},
	Volume = {49},
	Year = {1994},
	Bdsk-Url-1 = {https://doi.org/10.1103/PhysRevD.49.958}}

@article{Garfinkle:1990eq,
	Author = {Garfinkle, David and Strominger, Andrew},
	Date-Added = {2020-06-19 10:46:32 -0700},
	Date-Modified = {2020-06-19 10:46:32 -0700},
	Doi = {10.1016/0370-2693(91)90665-D},
	Journal = {Phys. Lett. B},
	Pages = {146--149},
	Reportnumber = {UCSB-TH-90-17},
	Title = {{Semiclassical Wheeler wormhole production}},
	Volume = {256},
	Year = {1991},
	Bdsk-Url-1 = {https://doi.org/10.1016/0370-2693(91)90665-D}}

@inproceedings{Gibbons:1986cq,
	Author = {Gibbons, G.W.},
	Booktitle = {{22nd Winter School of Theoretical Physics: Fields and Geometry}},
	Date-Added = {2020-06-19 10:45:47 -0700},
	Date-Modified = {2020-06-19 10:45:47 -0700},
	Month = {5},
	Pages = {597--615},
	Reportnumber = {PRINT-86-0411},
	Title = {{Quantized flux tubes in Einstein-Maxwell theory and noncompact internal spaces}},
	Year = {1986}}

@article{Page:1986vw,
	Author = {Page, Don N.},
	Doi = {10.1103/PhysRevD.34.2267},
	Journal = {Phys.\ Rev.\ D},
	Pages = {2267},
	Reportnumber = {Print-86-0934 (PENN STATE)},
	Title = {{Density Matrix of the Universe}},
	Volume = {34},
	Year = {1986},
	Bdsk-Url-1 = {https://doi.org/10.1103/PhysRevD.34.2267}}

@article{Stanford:2019vob,
	Archiveprefix = {arXiv},
	Author = {Stanford, Douglas and Witten, Edward},
	Eprint = {1907.03363},
	Month = {7},
	Primaryclass = {hep-th},
	Title = {{JT Gravity and the Ensembles of Random Matrix Theory}},
	Year = {2019}}

@article{GiSl3,
	Archiveprefix = {arXiv},
	Author = {Giddings, Steven B. and Sloth, Martin S.},
	Date-Added = {2020-03-29 15:27:39 -0700},
	Date-Modified = {2020-03-29 15:27:53 -0700},
	Doi = {10.1088/1475-7516/2010/07/015},
	Eprint = {1005.3287},
	Journal = {JCAP},
	Pages = {015},
	Primaryclass = {hep-th},
	Reportnumber = {CERN-PH-TH-2010-108},
	Slaccitation = {%%CITATION = ARXIV:1005.3287;%%},
	Title = {{Cosmological diagrammatic rules}},
	Volume = {1007},
	Year = {2010},
	Bdsk-Url-1 = {https://doi.org/10.1088/1475-7516/2010/07/015}}

@article{Ernst,
	Adsnote = {Provided by the SAO/NASA Astrophysics Data System},
	Adsurl = {https://ui.adsabs.harvard.edu/abs/1976JMP....17..515E},
	Author = {{Ernst}, Frederick J.},
	Doi = {10.1063/1.522935},
	Journal = {Journal of Mathematical Physics},
	Keywords = {04.20.Cv, Fundamental problems and general formalism},
	Month = apr,
	Number = {4},
	Pages = {515-516},
	Title = {{Removal of the nodal singularity of the C-metric}},
	Volume = {17},
	Year = 1976,
	Bdsk-Url-1 = {https://doi.org/10.1063/1.522935}}

@article{Maldacena:2004rf,
	Archiveprefix = {arXiv},
	Author = {Maldacena, Juan Martin and Maoz, Liat},
	Doi = {10.1088/1126-6708/2004/02/053},
	Eprint = {hep-th/0401024},
	Journal = {JHEP},
	Pages = {053},
	Primaryclass = {hep-th},
	Reportnumber = {ITFA-2003-57},
	Slaccitation = {%%CITATION = HEP-TH/0401024;%%},
	Title = {{Wormholes in AdS}},
	Volume = {02},
	Year = {2004},
	Bdsk-Url-1 = {https://doi.org/10.1088/1126-6708/2004/02/053}}

@article{Almheiri:2019hni,
	Archiveprefix = {arXiv},
	Author = {Almheiri, Ahmed and Mahajan, Raghu and Maldacena, Juan and Zhao, Ying},
	Eprint = {1908.10996},
	Primaryclass = {hep-th},
	Slaccitation = {%%CITATION = ARXIV:1908.10996;%%},
	Title = {{The Page curve of Hawking radiation from semiclassical geometry}},
	Year = {2019}}

@article{SGmodels,
	Archiveprefix = {arXiv},
	Author = {Giddings, Steven B.},
	Date-Added = {2020-03-27 12:35:01 -0700},
	Date-Modified = {2020-03-27 12:35:21 -0700},
	Doi = {10.1103/PhysRevD.85.044038},
	Eprint = {1108.2015},
	Journal = {Phys. Rev.},
	Pages = {044038},
	Primaryclass = {hep-th},
	Slaccitation = {%%CITATION = ARXIV:1108.2015;%%},
	Title = {{Models for unitary black hole disintegration}},
	Volume = {D85},
	Year = {2012},
	Bdsk-Url-1 = {https://doi.org/10.1103/PhysRevD.85.044038}}

@article{NLvC,
	Archiveprefix = {arXiv},
	Author = {Giddings, Steven B.},
	Date-Added = {2020-03-27 12:31:43 -0700},
	Date-Modified = {2020-03-27 12:31:52 -0700},
	Doi = {10.1088/0264-9381/28/2/025002},
	Eprint = {0911.3395},
	Journal = {Class. Quant. Grav.},
	Pages = {025002},
	Primaryclass = {hep-th},
	Reportnumber = {CERN-PH-TH-2009-221},
	Slaccitation = {%%CITATION = ARXIV:0911.3395;%%},
	Title = {{Nonlocality versus complementarity: A Conservative approach to the information problem}},
	Volume = {28},
	Year = {2011},
	Bdsk-Url-1 = {https://doi.org/10.1088/0264-9381/28/2/025002}}

@article{Hawking:1974sw,
	Author = {Hawking, S. W.},
	Booktitle = {{Euclidean quantum gravity}},
	Date-Added = {2020-03-27 12:25:59 -0700},
	Date-Modified = {2020-03-27 12:25:59 -0700},
	Doi = {10.1007/BF02345020, 10.1007/BF01608497},
	Journal = {Commun. Math. Phys.},
	Note = {[,167(1975)]},
	Pages = {199-220},
	Slaccitation = {%%CITATION = CMPHA,43,199;%%},
	Title = {{Particle Creation by Black Holes}},
	Volume = {43},
	Year = {1975},
	Bdsk-Url-1 = {https://doi.org/10.1007/BF02345020,%2010.1007/BF01608497}}

@article{Pageone,
	Archiveprefix = {arXiv},
	Author = {Page, Don N.},
	Date-Added = {2020-03-27 12:11:31 -0700},
	Date-Modified = {2020-03-27 12:11:41 -0700},
	Doi = {10.1103/PhysRevLett.71.1291},
	Eprint = {gr-qc/9305007},
	Journal = {Phys. Rev. Lett.},
	Pages = {1291-1294},
	Primaryclass = {gr-qc},
	Reportnumber = {ALBERTA-THY-22-93},
	Slaccitation = {%%CITATION = GR-QC/9305007;%%},
	Title = {{Average entropy of a subsystem}},
	Volume = {71},
	Year = {1993},
	Bdsk-Url-1 = {https://doi.org/10.1103/PhysRevLett.71.1291}}

@article{BHQU,
	Archiveprefix = {arXiv},
	Author = {Giddings, Steven B.},
	Booktitle = {{Proceedings, Topological avatars of new physics: London, United Kingdom, March 4-5, 2019}},
	Date-Added = {2020-03-27 12:07:42 -0700},
	Date-Modified = {2020-03-27 12:07:52 -0700},
	Doi = {10.1098/rsta.2019.0029},
	Eprint = {1905.08807},
	Journal = {Phil. Trans. Roy. Soc. Lond.},
	Number = {2161},
	Pages = {20190029},
	Primaryclass = {hep-th},
	Reportnumber = {CERN-TH-2019-077},
	Slaccitation = {%%CITATION = ARXIV:1905.08807;%%},
	Title = {{Black holes in the quantum universe}},
	Volume = {A377},
	Year = {2019},
	Bdsk-Url-1 = {https://doi.org/10.1098/rsta.2019.0029}}

@article{NVU,
	Archiveprefix = {arXiv},
	Author = {Giddings, Steven B.},
	Date-Added = {2020-03-27 12:06:44 -0700},
	Date-Modified = {2020-03-27 12:07:06 -0700},
	Doi = {10.1007/JHEP12(2017)047},
	Eprint = {1701.08765},
	Journal = {JHEP},
	Pages = {047},
	Primaryclass = {hep-th},
	Slaccitation = {%%CITATION = ARXIV:1701.08765;%%},
	Title = {{Nonviolent unitarization: basic postulates to soft quantum structure of black holes}},
	Volume = {12},
	Year = {2017},
	Bdsk-Url-1 = {https://doi.org/10.1007/JHEP12(2017)047}}

@inproceedings{AstroLH,
	Archiveprefix = {arXiv},
	Author = {Strominger, Andrew},
	Booktitle = {{NATO Advanced Study Institute: Les Houches Summer School, Session 62: Fluctuating Geometries in Statistical Mechanics and Field Theory Les Houches, France, August 2-September 9, 1994}},
	Date-Added = {2020-03-27 12:03:44 -0700},
	Date-Modified = {2020-03-27 12:04:14 -0700},
	Eprint = {hep-th/9501071},
	Primaryclass = {hep-th},
	Slaccitation = {%%CITATION = HEP-TH/9501071;%%},
	Title = {{Les Houches lectures on black holes}},
	Year = {1994}}

@article{ArkaniHamed:2007js,
	Archiveprefix = {arXiv},
	Author = {Arkani-Hamed, Nima and Orgera, Jacopo and Polchinski, Joseph},
	Doi = {10.1088/1126-6708/2007/12/018},
	Eprint = {0705.2768},
	Journal = {JHEP},
	Pages = {018},
	Primaryclass = {hep-th},
	Slaccitation = {%%CITATION = ARXIV:0705.2768;%%},
	Title = {{Euclidean wormholes in string theory}},
	Volume = {12},
	Year = {2007},
	Bdsk-Url-1 = {https://doi.org/10.1088/1126-6708/2007/12/018}}

@article{Hawking:1976ra,
	Author = {Hawking, S. W.},
	Doi = {10.1103/PhysRevD.14.2460},
	Journal = {Phys. Rev.},
	Pages = {2460-2473},
	Slaccitation = {%%CITATION = PHRVA,D14,2460;%%},
	Title = {{Breakdown of Predictability in Gravitational Collapse}},
	Volume = {D14},
	Year = {1976},
	Bdsk-Url-1 = {https://doi.org/10.1103/PhysRevD.14.2460}}

@article{Cole,
	Author = {Coleman, Sidney R.},
	Date-Added = {2020-03-15 16:43:50 -0700},
	Date-Modified = {2020-03-15 16:44:11 -0700},
	Doi = {10.1016/0550-3213(88)90110-1},
	Journal = {Nucl. Phys.},
	Pages = {867-882},
	Reportnumber = {HUTP-88/A008},
	Slaccitation = {%%CITATION = NUPHA,B307,867;%%},
	Title = {{Black Holes as Red Herrings: Topological Fluctuations and the Loss of Quantum Coherence}},
	Volume = {B307},
	Year = {1988},
	Bdsk-Url-1 = {https://doi.org/10.1016/0550-3213(88)90110-1}}

@article{GiStInc,
	Author = {Giddings, Steven B. and Strominger, Andrew},
	Date-Added = {2020-03-15 16:42:56 -0700},
	Date-Modified = {2020-03-15 16:43:10 -0700},
	Doi = {10.1016/0550-3213(88)90109-5},
	Journal = {Nucl. Phys.},
	Pages = {854-866},
	Reportnumber = {HUTP-88/A006},
	Slaccitation = {%%CITATION = NUPHA,B307,854;%%},
	Title = {{Loss of Incoherence and Determination of Coupling Constants in Quantum Gravity}},
	Volume = {B307},
	Year = {1988},
	Bdsk-Url-1 = {https://doi.org/10.1016/0550-3213(88)90109-5}}

@article{GiSt3Q,
	Author = {Giddings, Steven B. and Strominger, Andrew},
	Doi = {10.1016/0550-3213(89)90353-2},
	Journal = {Nucl. Phys.},
	Pages = {481-508},
	Reportnumber = {HUTP-88/A036},
	Slaccitation = {%%CITATION = NUPHA,B321,481;%%},
	Title = {{Baby Universes, Third Quantization and the Cosmological Constant}},
	Volume = {B321},
	Year = {1989},
	Bdsk-Url-1 = {https://doi.org/10.1016/0550-3213(89)90353-2}}

@article{GiStAx,
	Author = {Giddings, Steven B. and Strominger, Andrew},
	Doi = {10.1016/0550-3213(88)90446-4},
	Journal = {Nucl. Phys.},
	Pages = {890-907},
	Reportnumber = {HUTP-87-A067},
	Slaccitation = {%%CITATION = NUPHA,B306,890;%%},
	Title = {{Axion Induced Topology Change in Quantum Gravity and String Theory}},
	Volume = {B306},
	Year = {1988},
	Bdsk-Url-1 = {https://doi.org/10.1016/0550-3213(88)90446-4}}

@article{ColeCC,
	Author = {Coleman, Sidney R.},
	Doi = {10.1016/0550-3213(88)90097-1},
	Journal = {Nucl. Phys.},
	Pages = {643-668},
	Reportnumber = {HUTP-88/A022},
	Slaccitation = {%%CITATION = NUPHA,B310,643;%%},
	Title = {{Why There Is Nothing Rather Than Something: A Theory of the Cosmological Constant}},
	Volume = {B310},
	Year = {1988},
	Bdsk-Url-1 = {https://doi.org/10.1016/0550-3213(88)90097-1}}

@article{Rey:1989mg,
	Author = {Rey, Soo-Jong},
	Doi = {10.1103/PhysRevD.39.3185},
	Journal = {Phys. Rev.},
	Pages = {3185},
	Reportnumber = {PRINT-89-0095 (UC,SANTA-BARBARA)},
	Slaccitation = {%%CITATION = PHRVA,D39,3185;%%},
	Title = {{The Axion Dynamics in Wormhole Background}},
	Volume = {D39},
	Year = {1989},
	Bdsk-Url-1 = {https://doi.org/10.1103/PhysRevD.39.3185}}

@article{Lavrelashvili:1987jg,
	Author = {Lavrelashvili, George V. and Rubakov, V. A. and Tinyakov, P. G.},
	Journal = {JETP Lett.},
	Note = {[Pisma Zh. Eksp. Teor. Fiz.46,134(1987)]},
	Pages = {167-169},
	Slaccitation = {%%CITATION = JTPLA,46,167;%%},
	Title = {{Disruption of Quantum Coherence upon a Change in Spatial Topology in Quantum Gravity}},
	Volume = {46},
	Year = {1987}}

@article{Hawking:1987mz,
	Author = {Hawking, S. W.},
	Booktitle = {{Moscow Quantum Grav.1987:0125}},
	Doi = {10.1016/0370-2693(87)90028-1},
	Journal = {Phys. Lett.},
	Pages = {337},
	Reportnumber = {Print-87-0842 (CAMBRIDGE)},
	Slaccitation = {%%CITATION = PHLTA,B195,337;%%},
	Title = {{Quantum Coherence Down the Wormhole}},
	Volume = {B195},
	Year = {1987},
	Bdsk-Url-1 = {https://doi.org/10.1016/0370-2693(87)90028-1}}

@article{Rubakov:1988jf,
	Author = {Rubakov, V. A.},
	Doi = {10.1016/0370-2693(88)90108-6},
	Journal = {Phys. Lett.},
	Pages = {503-507},
	Reportnumber = {DESY-88-127},
	Slaccitation = {%%CITATION = PHLTA,B214,503;%%},
	Title = {{On the Third Quantization and the Cosmological Constant}},
	Volume = {B214},
	Year = {1988},
	Bdsk-Url-1 = {https://doi.org/10.1016/0370-2693(88)90108-6}}

@article{PhysRevLett.65.3233,
	Author = {Freese, Katherine and Frieman, Joshua A. and Olinto, Angela V.},
	Doi = {10.1103/PhysRevLett.65.3233},
	Issue = {26},
	Journal = {Phys. Rev. Lett.},
	Month = {Dec},
	Numpages = {0},
	Pages = {3233--3236},
	Publisher = {American Physical Society},
	Title = {Natural inflation with pseudo Nambu-Goldstone bosons},
	Volume = {65},
	Year = {1990},
	Bdsk-Url-1 = {https://doi.org/10.1103/PhysRevLett.65.3233}}

@article{Hebecker:2016dsw,
	Archiveprefix = {arXiv},
	Author = {Hebecker, Arthur and Mangat, Patrick and Theisen, Stefan and Witkowski, Lukas T.},
	Doi = {10.1007/JHEP02(2017)097},
	Eprint = {1607.06814},
	Journal = {JHEP},
	Pages = {097},
	Primaryclass = {hep-th},
	Slaccitation = {%%CITATION = ARXIV:1607.06814;%%},
	Title = {{Can Gravitational Instantons Really Constrain Axion Inflation?}},
	Volume = {02},
	Year = {2017},
	Bdsk-Url-1 = {https://doi.org/10.1007/JHEP02(2017)097}}

@article{Klebanov:1988eh,
	Author = {Klebanov, Igor R. and Susskind, Leonard and Banks, Tom},
	Doi = {10.1016/0550-3213(89)90538-5},
	Journal = {Nucl. Phys.},
	Pages = {665-692},
	Reportnumber = {SLAC-PUB-4705},
	Slaccitation = {%%CITATION = NUPHA,B317,665;%%},
	Title = {{Wormholes and the Cosmological Constant}},
	Volume = {B317},
	Year = {1989},
	Bdsk-Url-1 = {https://doi.org/10.1016/0550-3213(89)90538-5}}

@article{CaWi,
	Archiveprefix = {arXiv},
	Author = {Callan, Jr., Curtis G. and Wilczek, Frank},
	Doi = {10.1016/0370-2693(94)91007-3},
	Eprint = {hep-th/9401072},
	Journal = {Phys. Lett.},
	Pages = {55-61},
	Primaryclass = {hep-th},
	Reportnumber = {IASSNS-HEP-93-87},
	Slaccitation = {%%CITATION = HEP-TH/9401072;%%},
	Title = {{On geometric entropy}},
	Volume = {B333},
	Year = {1994},
	Bdsk-Url-1 = {https://doi.org/10.1016/0370-2693(94)91007-3}}

@article{Polchinski:1994zs,
	Archiveprefix = {arXiv},
	Author = {Polchinski, Joseph and Strominger, Andrew},
	Doi = {10.1103/PhysRevD.50.7403},
	Eprint = {hep-th/9407008},
	Journal = {Phys. Rev.},
	Pages = {7403-7409},
	Primaryclass = {hep-th},
	Reportnumber = {UCSB-TH-94-20},
	Slaccitation = {%%CITATION = HEP-TH/9407008;%%},
	Title = {{A Possible resolution of the black hole information puzzle}},
	Volume = {D50},
	Year = {1994},
	Bdsk-Url-1 = {https://doi.org/10.1103/PhysRevD.50.7403}}

@article{Almheiri:2019qdq,
	Archiveprefix = {arXiv},
	Author = {Almheiri, Ahmed and Hartman, Thomas and Maldacena, Juan and Shaghoulian, Edgar and Tajdini, Amirhossein},
	Eprint = {1911.12333},
	Primaryclass = {hep-th},
	Slaccitation = {%%CITATION = ARXIV:1911.12333;%%},
	Title = {{Replica Wormholes and the Entropy of Hawking Radiation}},
	Year = {2019}}

@article{Penington:2019kki,
	Archiveprefix = {arXiv},
	Author = {Penington, Geoff and Shenker, Stephen H. and Stanford, Douglas and Yang, Zhenbin},
	Eprint = {1911.11977},
	Primaryclass = {hep-th},
	Slaccitation = {%%CITATION = ARXIV:1911.11977;%%},
	Title = {{Replica wormholes and the black hole interior}},
	Year = {2019}}

@article{Marolf:2020xie,
	Archiveprefix = {arXiv},
	Author = {Marolf, Donald and Maxfield, Henry},
	Eprint = {2002.08950},
	Primaryclass = {hep-th},
	Slaccitation = {%%CITATION = ARXIV:2002.08950;%%},
	Title = {{Transcending the ensemble: baby universes, spacetime wormholes, and the order and disorder of black hole information}},
	Year = {2020}}

@article{Saad:2019pqd,
	Archiveprefix = {arXiv},
	Author = {Saad, Phil},
	Eprint = {1910.10311},
	Primaryclass = {hep-th},
	Slaccitation = {%%CITATION = ARXIV:1910.10311;%%},
	Title = {{Late Time Correlation Functions, Baby Universes, and ETH in JT Gravity}},
	Year = {2019}}

@article{Penington:2019npb,
	Archiveprefix = {arXiv},
	Author = {Penington, Geoffrey},
	Eprint = {1905.08255},
	Primaryclass = {hep-th},
	Slaccitation = {%%CITATION = ARXIV:1905.08255;%%},
	Title = {{Entanglement Wedge Reconstruction and the Information Paradox}},
	Year = {2019}}

@article{Almheiri:2019psf,
	Archiveprefix = {arXiv},
	Author = {Almheiri, Ahmed and Engelhardt, Netta and Marolf, Donald and Maxfield, Henry},
	Doi = {10.1007/JHEP12(2019)063},
	Eprint = {1905.08762},
	Journal = {JHEP},
	Pages = {063},
	Primaryclass = {hep-th},
	Slaccitation = {%%CITATION = ARXIV:1905.08762;%%},
	Title = {{The entropy of bulk quantum fields and the entanglement wedge of an evaporating black hole}},
	Volume = {12},
	Year = {2019},
	Bdsk-Url-1 = {https://doi.org/10.1007/JHEP12(2019)063}}

@article{Saad:2019lba,
	Archiveprefix = {arXiv},
	Author = {Saad, Phil and Shenker, Stephen H. and Stanford, Douglas},
	Eprint = {1903.11115},
	Primaryclass = {hep-th},
	Slaccitation = {%%CITATION = ARXIV:1903.11115;%%},
	Title = {{JT gravity as a matrix integral}},
	Year = {2019}}

@article{Page:1993wv,
	Archiveprefix = {arXiv},
	Author = {Page, Don N.},
	Doi = {10.1103/PhysRevLett.71.3743},
	Eprint = {hep-th/9306083},
	Journal = {Phys. Rev. Lett.},
	Pages = {3743-3746},
	Primaryclass = {hep-th},
	Reportnumber = {ALBERTA-THY-24-93},
	Slaccitation = {%%CITATION = HEP-TH/9306083;%%},
	Title = {{Information in black hole radiation}},
	Volume = {71},
	Year = {1993},
	Bdsk-Url-1 = {https://doi.org/10.1103/PhysRevLett.71.3743}}

@article{Page:2013dx,
	Archiveprefix = {arXiv},
	Author = {Page, Don N.},
	Doi = {10.1088/1475-7516/2013/09/028},
	Eprint = {1301.4995},
	Journal = {JCAP},
	Pages = {028},
	Primaryclass = {hep-th},
	Slaccitation = {%%CITATION = ARXIV:1301.4995;%%},
	Title = {{Time Dependence of Hawking Radiation Entropy}},
	Volume = {1309},
	Year = {2013},
	Bdsk-Url-1 = {https://doi.org/10.1088/1475-7516/2013/09/028}}

@article{Maldacena:2019cbz,
	Archiveprefix = {arXiv},
	Author = {Maldacena, Juan and Turiaci, Gustavo J. and Yang, Zhenbin},
	Eprint = {1904.01911},
	Primaryclass = {hep-th},
	Slaccitation = {%%CITATION = ARXIV:1904.01911;%%},
	Title = {{Two dimensional Nearly de Sitter gravity}},
	Year = {2019}}

@article{Cotler:2019nbi,
	Archiveprefix = {arXiv},
	Author = {Cotler, Jordan and Jensen, Kristan and Maloney, Alexander},
	Eprint = {1905.03780},
	Primaryclass = {hep-th},
	Slaccitation = {%%CITATION = ARXIV:1905.03780;%%},
	Title = {{Low-dimensional de Sitter quantum gravity}},
	Year = {2019}}

@article{Blommaert:2019wfy,
	Archiveprefix = {arXiv},
	Author = {Blommaert, Andreas and Mertens, Thomas G. and Verschelde, Henri},
	Eprint = {1911.11603},
	Primaryclass = {hep-th},
	Slaccitation = {%%CITATION = ARXIV:1911.11603;%%},
	Title = {{Eigenbranes in Jackiw-Teitelboim gravity}},
	Year = {2019}}

@article{Bousso:2019ykv,
	Archiveprefix = {arXiv},
	Author = {Bousso, Raphael and Toma{\v s}evi{\'c}, Marija},
	Eprint = {1911.06305},
	Primaryclass = {hep-th},
	Slaccitation = {%%CITATION = ARXIV:1911.06305;%%},
	Title = {{Unitarity From a Smooth Horizon?}},
	Year = {2019}}

@article{GiTuinprog,
	Author = {Giddings, Steven B. and Turiaci, Gustavo J.},
	Journal = {work in progress}}

@article{BHQIUE,
	Archiveprefix = {arXiv},
	Author = {Giddings, Steven B.},
	Date-Modified = {2020-03-27 12:37:48 -0700},
	Doi = {10.1103/PhysRevD.85.124063},
	Eprint = {1201.1037},
	Journal = {Phys. Rev.},
	Pages = {124063},
	Primaryclass = {hep-th},
	Slaccitation = {%%CITATION = ARXIV:1201.1037;%%},
	Title = {{Black holes, quantum information, and unitary evolution}},
	Volume = {D85},
	Year = {2012},
	Bdsk-Url-1 = {https://doi.org/10.1103/PhysRevD.85.124063}}

@article{Giddings:2012gc,
	Archiveprefix = {arXiv},
	Author = {Giddings, Steven B.},
	Doi = {10.1103/PhysRevD.88.064023},
	Eprint = {1211.7070},
	Journal = {Phys. Rev.},
	Pages = {064023},
	Primaryclass = {hep-th},
	Slaccitation = {%%CITATION = ARXIV:1211.7070;%%},
	Title = {{Nonviolent nonlocality}},
	Volume = {D88},
	Year = {2013},
	Bdsk-Url-1 = {https://doi.org/10.1103/PhysRevD.88.064023}}

@article{Giddings:2012dh,
	Archiveprefix = {arXiv},
	Author = {Giddings, Steven B. and Shi, Yinbo},
	Doi = {10.1103/PhysRevD.87.064031},
	Eprint = {1205.4732},
	Journal = {Phys. Rev.},
	Number = {6},
	Pages = {064031},
	Primaryclass = {hep-th},
	Reportnumber = {NSF-KITP-12-098},
	Slaccitation = {%%CITATION = ARXIV:1205.4732;%%},
	Title = {{Quantum information transfer and models for black hole mechanics}},
	Volume = {D87},
	Year = {2013},
	Bdsk-Url-1 = {https://doi.org/10.1103/PhysRevD.87.064031}}

@article{Giddings:2013kcj,
	Archiveprefix = {arXiv},
	Author = {Giddings, Steven B.},
	Doi = {10.1103/PhysRevD.88.024018},
	Eprint = {1302.2613},
	Journal = {Phys. Rev.},
	Number = {2},
	Pages = {024018},
	Primaryclass = {hep-th},
	Slaccitation = {%%CITATION = ARXIV:1302.2613;%%},
	Title = {{Nonviolent information transfer from black holes: A field theory parametrization}},
	Volume = {D88},
	Year = {2013},
	Bdsk-Url-1 = {https://doi.org/10.1103/PhysRevD.88.024018}}

@article{Giddings:2013noa,
	Archiveprefix = {arXiv},
	Author = {Giddings, Steven B. and Shi, Yinbo},
	Doi = {10.1103/PhysRevD.89.124032},
	Eprint = {1310.5700},
	Journal = {Phys. Rev.},
	Number = {12},
	Pages = {124032},
	Primaryclass = {hep-th},
	Slaccitation = {%%CITATION = ARXIV:1310.5700;%%},
	Title = {{Effective field theory models for nonviolent information transfer from black holes}},
	Volume = {D89},
	Year = {2014},
	Bdsk-Url-1 = {https://doi.org/10.1103/PhysRevD.89.124032}}

@article{Giddings:2017cpl,
	Archiveprefix = {arXiv},
	Author = {Giddings, Steven B. and Rota, Massimiliano},
	Doi = {10.1103/PhysRevA.98.062329},
	Eprint = {1710.00005},
	Journal = {Phys. Rev.},
	Number = {6},
	Pages = {062329},
	Primaryclass = {quant-ph},
	Slaccitation = {%%CITATION = ARXIV:1710.00005;%%},
	Title = {{Quantum information or entanglement transfer between subsystems}},
	Volume = {A98},
	Year = {2018},
	Bdsk-Url-1 = {https://doi.org/10.1103/PhysRevA.98.062329}}
