@article{Guardian2015,
author = {Adams, T.},
title = {{Self-driving cars: From 2020 you will become a permanent backseat driver}},
journal = {The Guardian},
year = {2015},
url = {https://tinyurl.com/zepc5spz}
}
@article{BusinessInsider2016,
title = {{10 million self-driving cars will be on the road by 2020}},
journal = {Business Insider Intelligence},
year = {2020},
url = {https://tinyurl.com/9mr6x8zk}
}
@article{Verge2019, 
author = {Hawkins, A. J.},
title = {{Here are Elon Musk’s wildest predictions about Tesla’s self-driving cars}},
journal = {The Verge},
year = {2019},
url = {https://tinyurl.com/4ap2rm2n}
}
@article{Verge2017,
author = {McCormick, R.},
title = {{NVIDIA is working with Audi to get you a self-driving car by 2020}},
journal = {The Verge},
year = {2017},
url = {https://tinyurl.com/3epbpaz3}
}
@article{PhysOrg2015, 
author = {Kageyama, Y.}, 
title = {{CEO: Nissan will be ready with autonomous driving by 2020}},
journal = {Phys.Org},
year = {2015},
url = {https://phys.org/news/2015-05-ceo-nissan-ready-autonomous.html}
}
@misc{Toyota2020,
author = {Eagell, S.}, 
year = {2020},
howpublished="\url{https://tinyurl.com/psxwhhnb}"
}
@article{CarAndDriver2021,
author = {Baldwin, R.},
title = {{Tesla tells California DMV that FSD is not capable of autonomous driving}},
journal = {Car and Driver},
year = {2021},
url = {https://tinyurl.com/p8aw9jke}
}
@article{McDermott1985, 
author = {McDermott D. and Waldrop, M. M. and Chandrasekaran, B. and McDermott, J. and Schank, R.},
title = {{The dark ages of AI: A panel discussion at AAAI-84}},
journal = {AI Magazine},
volume = {6},
number = {3},
pages = {122--134},
year = {1985}
}
@article{NYT1958,
title = {{New Navy Device Learns by Doing}},
journal = {New York Times},
year = {1958},
url = {https://tinyurl.com/yjh3eae8}
}
@book{Simon1960,
author = {Simon, H. A.},
title = {{The Ford Distinguished Lectures, Volume 3: The New Science of Management Decision}},
publisher = {Harper and Brothers, p. 38},
year = {1960}
}
@misc{Shannon1961,
title = {{The Shannon Centennial: 1100100 years of bits}},
year = {1961},
howpublished = "\url{https://www.youtube.com/watch?v=pHSRHi17RKM}"
}
@book{Minsky1967,
author = {Minsky, M. L.},
title = {{Computation: Finite and Infinite Machines}},
publisher = {Prentice-Hall, p. 2},
year = {1967}
}
@book{Minsky1969,
  title={Perceptrons: An Introduction to Computational Geometry},
  author={Minsky, M. L. and Papert, S. A},
  year={1969},
  publisher={MIT press}
}
@incollection{Lighthill1973,
author = {Lighthill, J.},
title = {{Artificial intelligence: A general survey}},
booktitle = {Artificial Intelligence: A Paper Symposium },
publisher = {Science Research Council},
year = {1973}
}
@article{Durkin1996,
  title={Expert systems: A view of the field},
  author={Durkin, J.},
  journal={IEEE Annals of the History of Computing},
  volume={11},
  number={02},
  pages={56--63},
  year={1996},
}
@article{Gaines1984,
  title={{Perspectives on Fifth Generation computing}},
  author={Gaines, B. R.},
  journal={Oxford Surveys in Information Technology},
  volume={1},
  pages={1--53},
  year={1984}
}
@article{Stefik1985,
  title={Strategic computing at {DARPA}: Overview and assessment},
  author={Stefik, M.},
  journal={Communications of the ACM},
  volume={28},
  number={7},
  pages={690--704},
  year={1985},
}
@book{McClelland1986a,
  title={Parallel Distributed Processing, Vol.1: Foundations},
  author={McClelland, J. L. and Rumelhart, D. E. and the PDP Research Group},
  year={1986},
  publisher={MIT press Cambridge, MA}
}
@book{McClelland1986b,
  title={Parallel Distributed Processing, Vol.2: Psychological and Biological Models},
  author={McClelland, J. L. and Rumelhart, D. E. and the PDP Research Group},
  year={1986},
  publisher={MIT press Cambridge, MA}
}
@book{Moewes2013,
author = {Moewes, C. and N{\"u}rnberger, A.},
title = {{Computational Intelligence in Intelligent Data Analysis}},
publisher = {Springer, p. 135},
year = {2013}
}
@incollection{Muller2016,
  title={Future progress in artificial intelligence: A survey of expert opinion},
  author={M{\"u}ller, V. C. and Bostrom, N.},
  booktitle={Fundamental Issues of Artificial Intelligence},
  editor = {M{\"u}ller, V. C.},
  pages={555--572},
  year={2016},
  publisher={Springer}
}
@article{Grace2018,
  title={{When will {AI} exceed human performance? Evidence from AI experts}},
  author={Grace, K. and Salvatier, J. and Dafoe, A. and Zhang, B. and Evans, O.},
  journal={Journal of Artificial Intelligence Research},
  volume={62},
  pages={729--754},
  year={2018}
}
@book{Russell2019,
  title={Human Compatible: Artificial Intelligence and the Problem of Control},
  author={Russell, S.},
  year={2019},
  publisher={Penguin, p. 77}
}
@misc{Altman2021,
year = {2021},
howpublished = "\url{https://moores.samaltman.com}"
}
@article{Despres2008,
author = {Despres, J.}, 
title = {{Scenario: Shane Legg}},
journal = {Future},
year = {2008},
url = {https://tinyurl.com/hwzna364}
}
@article{McCracken2015,
author = {McCracken, H.}, 
title = {{Inside Mark Zuckerberg’s bold plan for the future of Facebook}},
journal = {Fast Company},
year = {2015},
url = {www.fastcompany.com/3052885/mark-zuckerberg-facebook}
}
@article{Geirhos2020,
  title={Shortcut learning in deep neural networks},
  author={Geirhos, R. and Jacobsen, J.-H. and Michaelis, C. and Zemel, R. and Brendel, W. and Bethge, M. and Wichmann, F. A.},
  journal={Nature Machine Intelligence},
  volume={2},
  number={11},
  pages={665--673},
  year={2020}
}
@article{Lapuschkin2019,
  title={Unmasking {Clever Hans} predictors and assessing what machines really learn},
  author={Lapuschkin, S. and W{\"a}ldchen, S. and Binder, A. and Montavon, G. and Samek, W. and M{\"u}ller, K.-R.},
  journal={Nature Communications},
  volume={10},
  number={1},
  pages={1--8},
  year={2019}
}
@article{Mitchell2021,
  title={Abstraction and analogy-making in artificial intelligence},
  author={Mitchell, M.},
  journal={arXiv:2102.10717},
  year={2021}
}
@inproceedings{Moosavi2017,
  title={Universal adversarial perturbations},
  author={Moosavi-Dezfooli, S. M. and Fawzi, A. and Fawzi, O. and Frossard, P.},
  booktitle={Proceedings of the IEEE Conference on Computer Vision and Pattern Recognition (CVPR)},
  pages={1765--1773},
  year={2017}
}
@article{Devlin2018,
  title={{BERT}: Pre-training of deep bidirectional transformers for language understanding},
  author={Devlin, J. and Chang, M.-W. and Lee, K. and Toutanova, K.},
  journal={arXiv:1810.04805},
  year={2018}
}
@inproceedings{Finn2017,
  title={Model-agnostic meta-learning for fast adaptation of deep networks},
  author={Finn, C. and Abbeel, P. and Levine, S.},
  booktitle={Proceedings of the International Conference on Machine Learning (ICML)},
  pages={1126--1135},
  year={2017}
}
@article{Arulkumaran2017,
  title={A brief survey of deep reinforcement learning},
  author={Arulkumaran, K. and Deisenroth, M. P. and Brundage, M. and Bharath, A. A.},
  journal={IEEE Signal Processing Magazine},
  volume = {34},
  year={2017}
}
@article{NewScientist2016,
author = {Aron, J.},
title = {{AI landmark as Googlebot beats top human at ancient game of Go}},
journal = {New Scientist},
year = {2016},
url = {https://tinyurl.com/2ztrk6hv}
}
@misc{IBM2013, 
year = {2013},
howpublished = "\url{https://tinyurl.com/45fs8a7e}"
}
@misc{SSC2019,
year = {2019},
howpublished = "\url{https://tinyurl.com/36rkhzrz}"
}
@article{Dreyfus2012,
  title={A history of first step fallacies},
  author={Dreyfus, Hubert L},
  journal={Minds and Machines},
  volume={22},
  number={2},
  pages={87--99},
  year={2012}
}
@book{Minsky1987,
  title={The Society of Mind},
  author={Minsky, M.},
  year={1987},
  publisher={Simon and Schuster, p. 29}
}
@book{Moravec1988a,
  title={Mind Children: The Future of Robot and Human Intelligence},
  author={Moravec, H.},
  year={1988},
  publisher={Harvard University Press, p. 15}
}
@book{Moravec1988b,
  title={Mind Children: The Future of Robot and Human Intelligence},
  author={Moravec, H.},
  year={1988},
  publisher={Harvard University Press, pp. 15--16}
}
@article{Minsky1980,
author = {{Minsky, M.}},
title = {{Decentralized minds}},
journal = {Behavioral and Brain Sciences},
volume = {3},
number = {3},
pages = {439--440},
year = {1980}
}
@book{Hofstadter1985,
  title={Metamagical Themas: Questing for the Essence of Mind and Pattern},
  author={Hofstadter, D. R.},
  year={1985},
  publisher={Basic Books, p. 632}
}
@article{Ng2016,
author = {Ng, A.},
title = {{What artificial intelligence can and can't do right now}},
journal = {Harvard Business Review},
year = {2016},
url = {https://tinyurl.com/udnzhuk}
}
@article{Silver2017,
  title={Mastering the game of {Go} without human knowledge},
  author={D. Silver et al.},
  journal={Nature},
  volume={550},
  number={7676},
  pages={354--359},
  year={2017}
}
@article{Marcus2018,
  title={{Innateness, Alphazero, and artificial intelligence}},
  author={Marcus, G.},
  journal={arXiv:1801.05667},
  year={2018}
}
@article{McDermott1976,
  title={Artificial intelligence meets natural stupidity},
  author={McDermott, D.},
  journal={ACM SIGART Bulletin},
  number={57},
  pages={4--9},
  year={1976}
}
@article{Gustin2011,
author = {Gustin, S.},
title = {{IBM's Watson supercomputer wins practice Jeopardy round}},
journal = {Wired},
year = {2011},
howpublished = "\url{https://www.wired.com/2011/01/ibm-watson-jeopardy/}"
}
@misc{IBMCognitive,
howpublished = "\url{https://www.ibm.com/cognitive/stories/bots/stories/sciencefact/}"
}
@article{KoreaHerald2016,
title = {{Mixed outlook for human-versus-AI match}},
journal = {Korea Herald},
year = {2016},
url = {https://tinyurl.com/zb3ywabe}
}
@article{Shead2017,
author = {Shead, S.},
title = {{Google DeepMind is edging towards a 3-0 victory against world Go champion Ke Jie}},
journal = {Business Insider},
year = {2017},
url = {https://tinyurl.com/svb7x7e6}
}
@misc{SQUAD,
howpublished = "\url{https://rajpurkar.github.io/SQuAD-explorer/}"
}
@misc{RACEDataset,
howpublished = "\url{https://www.cs.cmu.edu/~glai1/data/race/}"
}
@misc{GLUEBenchmark,
howpublished = "\url{https://gluebenchmark.com/}"
}
@article{Costenaro2018, 
author = {Costenaro, D.},
title = {{New AI model exceeds human performance at question answering}},
journal = {BecomingHuman.ai},
year = {2018}, 
url = {https://tinyurl.com/ujwp6s95}
}
@article{Pham2018,
author = {Pham, S.},
title = {{Computers are getting better than humans at reading}},
journal = {CNN Business},
year = {2018}, 
url = {https://tinyurl.com/k48xa8nj}
}
@article{Jawad2021,
author = {Jawad, U.},
title = {{Microsoft's AI model has outperformed humans in natural language understanding}},
journal = {Neowin},
year = {2021},
url = {https://tinyurl.com/2x4r54ad}
}
@inproceedings{McCoy2019,
  title={{Right for the wrong reasons: Diagnosing syntactic heuristics in natural language inference}},
  author={McCoy, T. and Pavlick, E. and Linzen, T.},
  booktitle = {Proceedings of the 57th Annual Meeting of the Association for Computational Linguistics (ACL)},
  pages = {3428--3448},
  year={2019}
}
@inproceedings{Linzen2020,
  title={{How can we accelerate progress towards human-like linguistic generalization?}},
  author={Linzen, T.},
  booktitle = {Proceedings of the 58th Annual Meeting of the Association for Computational Linguistics (ACL)},
   pages = {5210--5217},
   year={2020}
}
@article{Woollaston2013,
author = {Woollaston, V.},
title = {{We'll be uploading our entire minds to computers by 2045 and our bodies will be replaced by machines within 90 years, Google expert claims}},
journal = {Daily Mail},
year = {2013},
url = {https://tinyurl.com/ht44uxzv}
}
@article{Newell1976,
  title={{Computer science as empirical inquiry: Symbols and search}},
  author={Newell, A. and Simon, H. A.},
  journal={Communications of the ACM},
  volume = {19},
  pages={113--126},
  year={1976}
}
@misc{Hofstadter1985b,
author = {Hofstadter, D. R.},
title = {{Waking up from the Boolean dream, or, subcognition as computation}},
note = {Chapter 26 of \textit{Metamagical Themas}, Basic Books},
year = {1985}
}
@misc{Carlsmith2020,
author = {Carlsmith, J.}, 
title = {{New report on how much computational power it takes to match the human brain}}, 
year = {2020},
howpublished = "\url{https://www.openphilanthropy.org/blog/new-report-brain-computation}"
}
@book{Patterson2017,
  title={{Deep Learning: A Practitioner's Approach}},
  author={Patterson, J. and Gibson, A.},
  year={2017},
  publisher={O'Reilly Media, p. 231}
}
@article{Musser2018,
author = {Musser, G.},
title = {{Job one for quantum computers: Boost artificial intelligence}},
journal = {Quanta Magazine},
year = {2018},
url = {https://tinyurl.com/2k8fw628}
}
@misc{Edge2019,
title = {{The cul-de-sac of the computational metaphor}},
year = {2019},
howpublished = "\url{https://tinyurl.com/rjtumkca}"
}
@book{Johnson2017,
  title={{Embodied Mind, Meaning, and Reason: How Our Bodies Give Rise to Understanding}},
  author={Johnson, Mark},
  year={2017},
  publisher={University of Chicago Press}
}
@book{Fincher2019,
  title={{How the Body Shapes Knowledge: Empirical Support for Embodied Cognition}},
  author={Fincher-Kiefer, Rebecca},
  year={2019},
  publisher={American Psychological Association}
}
@article{Epstein2017,
  title={{The cognitive map in humans: spatial navigation and beyond}},
  author={Epstein, R. A. and Patai, E. Z. and Julian, J. B. and Spiers, H. J.},
  journal={Nature Neuroscience},
  volume={20},
  number={11},
  pages={1504},
  year={2017}
}
@book{Tucker2007,
  title={{Mind from Body: Experience from Neural Structure}},
  author={Tucker, D. M.},
  year={2007},
  publisher={Oxford University Press}
}
@incollection{Barsalou2005,
  title={{Situating abstract concepts}},
  author={Barsalou, L. W. and Wiemer-Hastings, K.},
  booktitle={Grounding Cognition: The Role of Perception and Action in Memory, Language, and Thought},
  editors = {Pecher, D. and Zwaan, R. A.},
  publisher = {Cambridge University Press},
  pages={129--163},
  year={2005}
}
@book{Lakoff2008,
  title={{Metaphors We Live By}},
  author={Lakoff, G. and Johnson, M.},
  year={2008},
  publisher={University of Chicago Press}
}
@book{Bostrom2014,
author = {Bostrom, N.},
title = {{Superintelligence: Paths, Dangers, Strategies}},
publisher = {Oxford University Press, p. 105},
year = {2014}
}

@book{Russell2019b,
  title={{Human Compatible: Artificial Intelligence and the Problem of Control}},
  author={Russell, S.},
  year={2019},
  publisher={Penguin, p. 167}
}
@article{Russell2019c,
author = {Russell, S.},
title = {{How to stop superhuman A.I. before it stops us}},
journal = {New York Times},
year = {2019},
url = {https://www.nytimes.com/2019/10/08/opinion/artificial-intelligence.html}
}
@misc{DARPA,
author = {Turek, M.},
title = {{Machine common sense}}, 
howpublished = "\url{https://www.darpa.mil/program/machine-common-sense}"
}
@incollection{McCarthy1986,
author = {McCarthy,  J.},
title = {{Programs with common  sense}},
booktitle = {Readings  In Knowledge  Representation},  editors = {Levesque, H. and  Brachman, R.},
publisher = {Morgan Kaufmann},
year = {1986}
}
@article{Lenat1990,
  title={{CYC: Toward programs with common sense}},
  author={Lenat, D. B. and Guha, R. V. and Pittman, K. and Pratt, D. and Shepherd, M.},
  journal={Communications of the ACM},
  volume={33},
  number={8},
  pages={30--49},
  year={1990},
}
@inproceedings{Zellers2019,
  title={{From recognition to cognition: Visual commonsense reasoning}},
  author={Zellers, R. and Bisk, Y. and Farhadi, A. and Choi, Y.},
  booktitle={Proceedings of the IEEE Conference on Computer Vision and Pattern Recognition (CVPR)},
  pages={6720--6731},
  year={2019}
}
@article{Knight2018,
author= {Knight, W.},
title = {{The US military wants to teach AI some basic common sense}},
journal = {Technology Review},
year = {2018},
url = {https://tinyurl.com/2xuvxefe}
}
@article{Davis2015,
  title={{Commonsense reasoning and commonsense knowledge in artificial intelligence}},
  author={Davis, E. and Marcus, G.},
  journal={Communications of the ACM},
  volume={58},
  number={9},
  pages={92--103},
  year={2015}
}
@book{Levesque2017,
  title={{Common Sense, the Turing Test, and the Quest for Real AI}},
  author={Levesque, H. J.},
  year={2017},
  publisher={MIT Press}
}
@article{Spelke2007,
  title={{Core knowledge}},
  author={Spelke, E. S. and Kinzler, K. D.},
  journal={Developmental Science},
  volume={10},
  number={1},
  pages={89--96},
  year={2007},
}
@article{Turing1950,
title = {{Computing machinery and intelligence}},
author = {Turing, A. M.},
journal = {Mind},
volume = {59},
number = {236},
year = {1950},
pages = {433--460}
}
@book{James1892,
author = {James, W.},
title = {{Psychology: The Briefer Course}},
publisher = {Henry Holt, p. 335},
year = {1892}
}
@article{Winograd1977,
  title={{On some contested suppositions of generative linguistics about the scientific study of language}},
  author={Winograd, T.},
  journal={Cognition},
  volume={5},
  number={2},
  pages={151--79},
  year={1977},
}
@article{Metz2017,
author = {Metz, C.},
title = {{A new way for machines to see, taking shape in Toronto}},
journal = {\textit{New York Times}},
year = {2017},
url = {https://tinyurl.com/5bwd3u9n}
}

