@incollection {avigad:06,
    AUTHOR = {Avigad, Jeremy},
     TITLE = {Methodology and metaphysics in the development of {D}edekind's
              theory of ideals},
  editor = {Jos\'e Ferreir\'os and Jeremy Gray},
 BOOKTITLE = {The Architecture of Modern Mathematics},
     PAGES = {159--186},
 PUBLISHER = {Oxford Univ. Press, Oxford},
      YEAR = {2006},
   MRCLASS = {00A35 (00A30 01A55 03A05 16-03)},
  MRNUMBER = {2258019},
MRREVIEWER = {Stewart Shapiro},
}

@article {avigad:18,
    AUTHOR = {Avigad, Jeremy},
     TITLE = {The mechanization of mathematics},
   JOURNAL = {Notices Amer. Math. Soc.},
  FJOURNAL = {Notices of the American Mathematical Society},
    VOLUME = {65},
      YEAR = {2018},
    NUMBER = {6},
     PAGES = {681--690},
      ISSN = {0002-9920},
   MRCLASS = {68T15 (01A05 68Q60)},
  MRNUMBER = {3792862},
MRREVIEWER = {Jean Paul Van Bendegem},
}

@proceedings{biere:et:al:09,
  editor    = {Armin Biere and
               Marijn Heule and
               Hans van Maaren and
               Toby Walsh},
  title     = {Handbook of Satisfiability},
  publisher = {{IOS} Press},
  year      = {2009},
  isbn      = {978-1-58603-929-5}
}

@book {borwein:et:al:04,
    AUTHOR = {Borwein, Jonathan and Bailey, David and Girgensohn, Roland},
     TITLE = {Experimentation in Mathematics: Computational paths to discovery},
 PUBLISHER = {A K Peters, Ltd., Natick, MA},
      YEAR = {2004},
     PAGES = {x+357},
      ISBN = {1-56881-136-5},
   MRCLASS = {11-01 (11Yxx 40-01 42A16 42A38 68W30)},
  MRNUMBER = {2051473},
MRREVIEWER = {F. Beukers},
}

@book {bailey:et:al:07,
    AUTHOR = {Bailey, David H. and Borwein, Jonathan M. and Calkin, Neil J.
              and Girgensohn, Roland and Luke, D. Russell and Moll, Victor
              H.},
     TITLE = {Experimental Mathematics in Action},
 PUBLISHER = {A K Peters, Ltd., Wellesley, MA},
      YEAR = {2007},
     PAGES = {xii+322},
      ISBN = {978-1-56881-271-7; 1-56881-271-X},
   MRCLASS = {00A35 (11-04 11Y16 11Y70 33F05 65-04 68W30)},
  MRNUMBER = {2320374},
}

@book {borwein:bailey:08,
    AUTHOR = {Borwein, Jonathan and Bailey, David},
     TITLE = {Mathematics by Experiment},
   EDITION = {Second},
      NOTE = {Plausible reasoning in the 21st Century},
 PUBLISHER = {A K Peters, Ltd., Wellesley, MA},
      YEAR = {2008},
     PAGES = {xii+377},
      ISBN = {978-1-56881-442-1},
   MRCLASS = {00A35 (37-04)},
  MRNUMBER = {2473161},
MRREVIEWER = {Michael Otte},
}

@book {borwein:devlin:09,
    AUTHOR = {Borwein, Jonathan and Devlin, Keith},
     TITLE = {The Computer as Crucible: An Introduction to Experimental Mathematics},
 PUBLISHER = {A K Peters, Ltd., Wellesley, MA},
      YEAR = {2009},
     PAGES = {xii+158},
      ISBN = {978-1-56881-343-1},
   MRCLASS = {00A35 (11-04 11Y16 11Y60)},
  MRNUMBER = {2464847},
MRREVIEWER = {Samuel S. Wagstaff, Jr.},
}

@inproceedings{brakensiek:et:al:20,
  author    = {Joshua Brakensiek and
               Marijn Heule and
               John Mackey and
               David Narv{\'{a}}ez},
  editor    = {Nicolas Peltier and
               Viorica Sofronie{-}Stokkermans},
  title     = {The Resolution of {Keller's} Conjecture},
  booktitle = {International Joint Conference on Automated Reasoning (IJCAR)
               2020},
  pages     = {48--65},
  publisher = {Springer},
  year      = {2020},
  url       = {https://doi.org/10.1007/978-3-030-51074-9\_4},
  doi       = {10.1007/978-3-030-51074-9\_4}
}

@article {chen:engel:glotzer:10,
    AUTHOR = {Chen, Elizabeth R. and Engel, Michael and Glotzer, Sharon C.},
     TITLE = {Dense crystalline dimer packings of regular tetrahedra},
   JOURNAL = {Discrete Comput. Geom.},
  FJOURNAL = {Discrete \& Computational Geometry. An International Journal
              of Mathematics and Computer Science},
    VOLUME = {44},
      YEAR = {2010},
    NUMBER = {2},
     PAGES = {253--280},
      ISSN = {0179-5376},
   MRCLASS = {52C17},
  MRNUMBER = {2671012},
MRREVIEWER = {Peter M. Gruber},
       DOI = {10.1007/s00454-010-9273-0},
}

@article {cohn:17,
    AUTHOR = {Cohn, Henry},
     TITLE = {A conceptual breakthrough in sphere packing},
   JOURNAL = {Notices Amer. Math. Soc.},
  FJOURNAL = {Notices of the American Mathematical Society},
    VOLUME = {64},
      YEAR = {2017},
    NUMBER = {2},
     PAGES = {102--115},
      ISSN = {0002-9920},
   MRCLASS = {52C17 (52C07)},
  MRNUMBER = {3587715},
MRREVIEWER = {Hao Chen},
       DOI = {10.1090/noti1474},
}

@article {cohn:elkies:03,
    AUTHOR = {Cohn, Henry and Elkies, Noam},
     TITLE = {New upper bounds on sphere packings. {I}},
   JOURNAL = {Ann. of Math. (2)},
  FJOURNAL = {Annals of Mathematics. Second Series},
    VOLUME = {157},
      YEAR = {2003},
    NUMBER = {2},
     PAGES = {689--714},
      ISSN = {0003-486X},
   MRCLASS = {11H31 (52C17)},
  MRNUMBER = {1973059},
MRREVIEWER = {Matthias Beck},
       DOI = {10.4007/annals.2003.157.689},
}

@article {cohn:et:al:17,
    AUTHOR = {Cohn, Henry and Kumar, Abhinav and Miller, Stephen D. and
              Radchenko, Danylo and Viazovska, Maryna},
     TITLE = {The sphere packing problem in dimension 24},
   JOURNAL = {Ann. of Math. (2)},
  FJOURNAL = {Annals of Mathematics. Second Series},
    VOLUME = {185},
      YEAR = {2017},
    NUMBER = {3},
     PAGES = {1017--1033},
      ISSN = {0003-486X},
   MRCLASS = {52C17 (05B40 11H31)},
  MRNUMBER = {3664817},
MRREVIEWER = {Martin Henk},
       DOI = {10.4007/annals.2017.185.3.8},
}

@article {conway:torquato:06,
    AUTHOR = {Conway, J. H. and Torquato, S.},
     TITLE = {Packing, tiling, and covering with tetrahedra},
   JOURNAL = {Proc. Natl. Acad. Sci. USA},
  FJOURNAL = {Proceedings of the National Academy of Sciences of the United
              States of America},
    VOLUME = {103},
      YEAR = {2006},
    NUMBER = {28},
     PAGES = {10612--10617},
      ISSN = {0027-8424},
   MRCLASS = {52C17 (52C22)},
  MRNUMBER = {2242647},
       DOI = {10.1073/pnas.0601389103},
}

@article {corradi:szabo:90,
    AUTHOR = {Corr\'{a}di, K. and Szab\'{o}, S.},
     TITLE = {A combinatorial approach for {K}eller's conjecture},
   JOURNAL = {Period. Math. Hungar.},
  FJOURNAL = {Periodica Mathematica Hungarica. Journal of the J\'{a}nos Bolyai
              Mathematical Society},
    VOLUME = {21},
      YEAR = {1990},
    NUMBER = {2},
     PAGES = {95--100},
      ISSN = {0031-5303},
   MRCLASS = {52C22 (05B45 05C35 20D60 20K01)},
  MRNUMBER = {1070948},
MRREVIEWER = {S. Stein},
       DOI = {10.1007/BF01946848},
}

@book {gauss:disquisitiones:arithmeticae,
    AUTHOR = {Gauss, Carl Friedrich},
     TITLE = {Disquisitiones Arithmeticae},
      NOTE = {Translated into English by Arthur A. Clarke},
 PUBLISHER = {Yale University Press, New Haven, Conn.-London},
      YEAR = {1966},
     PAGES = {xx+472},
   MRCLASS = {10.00 (01.60)},
  MRNUMBER = {0197380},
MRREVIEWER = {W. J. LeVeque},
}

@incollection {gowers:00,
    AUTHOR = {Gowers, W. T.},
     TITLE = {The two cultures of mathematics},
 BOOKTITLE = {Mathematics: frontiers and perspectives},
     PAGES = {65--78},
 PUBLISHER = {Amer. Math. Soc., Providence, RI},
      YEAR = {2000},
   MRCLASS = {00A30 (05Dxx)},
  MRNUMBER = {1754768},
MRREVIEWER = {Alain Plagne},
}

@article {gowers:10,
    AUTHOR = {Gowers, W. T.},
     TITLE = {Decompositions, approximate structure, transference, and the
              {H}ahn-{B}anach theorem},
   JOURNAL = {Bull. Lond. Math. Soc.},
  FJOURNAL = {Bulletin of the London Mathematical Society},
    VOLUME = {42},
      YEAR = {2010},
    NUMBER = {4},
     PAGES = {573--606},
      ISSN = {0024-6093},
   MRCLASS = {11B30 (05D99 11P32)},
  MRNUMBER = {2669681},
MRREVIEWER = {Julia Wolf},
       DOI = {10.1112/blms/bdq018}
}

@article {green:tao:08,
    AUTHOR = {Green, Ben and Tao, Terence},
     TITLE = {The primes contain arbitrarily long arithmetic progressions},
   JOURNAL = {Ann. of Math. (2)},
  FJOURNAL = {Annals of Mathematics. Second Series},
    VOLUME = {167},
      YEAR = {2008},
    NUMBER = {2},
     PAGES = {481--547},
      ISSN = {0003-486X},
   MRCLASS = {11N13 (11A41 11B25 37A45)},
  MRNUMBER = {2415379},
MRREVIEWER = {Tamar Ziegler},
       DOI = {10.4007/annals.2008.167.481},
}

@book {guicciardini:99,
    AUTHOR = {Guicciardini, Niccol\`o},
     TITLE = {Reading the \emph{{P}rincipia}: The Debate on {N}ewton's Mathematical Methods for Natural
              Philosophy from 1687 to 1736},
 PUBLISHER = {Cambridge University Press, Cambridge},
      YEAR = {1999},
     PAGES = {vi+285},
      ISBN = {0-521-64066-0},
   MRCLASS = {01A45 (01A50)},
  MRNUMBER = {1725356},
MRREVIEWER = {Massimo Galuzzi},
       DOI = {10.1017/CBO9780511524752}
}

@book {guicciardini:09,
    AUTHOR = {Guicciardini, Niccol\`o},
     TITLE = {Isaac {N}ewton on Mathematical Certainty and Method},
 PUBLISHER = {MIT Press, Cambridge, MA},
      YEAR = {2009},
     PAGES = {xxviii+422},
      ISBN = {978-0-262-01317-8},
   MRCLASS = {01A45 (01A70)},
  MRNUMBER = {2562084},
MRREVIEWER = {U. D'Ambrosio},
       DOI = {10.7551/mitpress/9780262013178.001.0001}
}

@article{haji:akbari:et:al:09,
  author = {Haji-Akbari, Amir and Engel, Michael and Keys, Aaron S. and Zheng, Xiaoyu and Petschek, Rolfe G. and Palffy-Muhoray, Peter and Glotzer, Sharon C.},
  title = {Disordered, quasicrystalline and crystalline phases of densely packed tetrahedra},
  journal = {Nature},
  year = {2009},
  month = {December},
  day = 9,
  volume = {462},
  pages = {773--777}
}

@article {hales:05,
    AUTHOR = {Hales, Thomas C.},
     TITLE = {A proof of the {K}epler conjecture},
   JOURNAL = {Ann. of Math. (2)},
  FJOURNAL = {Annals of Mathematics. Second Series},
    VOLUME = {162},
      YEAR = {2005},
    NUMBER = {3},
     PAGES = {1065--1185},
      ISSN = {0003-486X},
   MRCLASS = {52C17},
  MRNUMBER = {2179728},
MRREVIEWER = {G\'{e}za T\'{o}th},
       DOI = {10.4007/annals.2005.162.1065},
}

@article {hales:et:al:17,
    AUTHOR = {Hales, Thomas and Adams, Mark and Bauer, Gertrud and Dang, Tat
              Dat and Harrison, John and Le Truong Hoang and Kaliszyk,
              Cezary and Magron, Victor and McLaughlin, Sean and Nguyen, Tat
              Thang and Nguyen, Quang Truong and Nipkow, Tobias and Obua,
              Steven and Pleso, Joseph and Rute, Jason and Solovyev, Alexey
              and Ta, Thi Hoai An and Tran, Nam Trung and Trieu, Thi Diep
              and Urban, Josef and Vu, Ky and Zumkeller, Roland},
     TITLE = {A formal proof of the {K}epler conjecture},
   JOURNAL = {Forum Math. Pi},
  FJOURNAL = {Forum of Mathematics. Pi},
    VOLUME = {5},
      YEAR = {2017},
     PAGES = {e2, 29},
   MRCLASS = {52C17 (05B40)},
  MRNUMBER = {3659768},
MRREVIEWER = {Martin Henk},
       DOI = {10.1017/fmp.2017.1},
}

@article {hamami:morris:20,
  author = {Yacin Hamami and Rebecca L.~Morris},
  title = {Philosophy of mathematical practice: a primer for mathematics educators},
  journal = {ZDM Mathematics Education},
  volume = {52},
  pages = {1113--1126},
  year = {2020}
}

@article {jaffe:quinn:93,
    AUTHOR = {Jaffe, Arthur and Quinn, Frank},
     TITLE = {``{T}heoretical mathematics'': toward a cultural synthesis of
              mathematics and theoretical physics},
   JOURNAL = {Bull. Amer. Math. Soc. (N.S.)},
  FJOURNAL = {American Mathematical Society. Bulletin. New Series},
    VOLUME = {29},
      YEAR = {1993},
    NUMBER = {1},
     PAGES = {1--13},
      ISSN = {0273-0979},
   MRCLASS = {00A30 (00A35 00A79 01A60)},
  MRNUMBER = {1202292},
MRREVIEWER = {Louis H. Kauffman},
       DOI = {10.1090/S0273-0979-1993-00413-0}
}

@article {jaffe:quinn:responses:94,
    AUTHOR = {M. Atiyah et al},
     TITLE = {Response to: ``{R}esponses to: {A}. {J}affe and {F}. {Q}uinn,
              `{T}heoretical mathematics: toward a cultural synthesis of
              mathematics and theoretical physics'\,''},
   JOURNAL = {Bull. Amer. Math. Soc. (N.S.)},
  FJOURNAL = {American Mathematical Society. Bulletin. New Series},
    VOLUME = {30},
      YEAR = {1994},
    NUMBER = {2},
     PAGES = {208--211},
      ISSN = {0273-0979},
   MRCLASS = {00A30 (00A35 00A79 01A60)},
  MRNUMBER = {1254077},
MRREVIEWER = {Louis H. Kauffman},
       DOI = {10.1090/S0273-0979-1994-00506-3},
}

@article {keller:30,
    AUTHOR = {Keller, Ott-Heinrich},
     TITLE = {\"{U}ber die l\"{u}ckenlose {E}rf\"{u}llung des {R}aumes mit {W}\"{u}rfeln},
   JOURNAL = {J. Reine Angew. Math.},
  FJOURNAL = {Journal f\"{u}r die Reine und Angewandte Mathematik. [Crelle's
              Journal]},
    VOLUME = {163},
      YEAR = {1930},
     PAGES = {231--248},
      ISSN = {0075-4102},
   MRCLASS = {DML},
  MRNUMBER = {1581241},
       DOI = {10.1515/crll.1930.163.231},
}

@article {kisielewicz:17,
    AUTHOR = {Kisielewicz, Andrzej P.},
     TITLE = {Rigid polyboxes and {K}eller's conjecture},
   JOURNAL = {Adv. Geom.},
  FJOURNAL = {Advances in Geometry},
    VOLUME = {17},
      YEAR = {2017},
    NUMBER = {2},
     PAGES = {203--230},
      ISSN = {1615-715X},
   MRCLASS = {52C22 (94B25)},
  MRNUMBER = {3652241},
MRREVIEWER = {Chuanming Zong},
       DOI = {10.1515/advgeom-2017-0004},
}

@article {lagarias:shor:92,
    AUTHOR = {Lagarias, Jeffrey C. and Shor, Peter W.},
     TITLE = {Keller's cube-tiling conjecture is false in high dimensions},
   JOURNAL = {Bull. Amer. Math. Soc. (N.S.)},
  FJOURNAL = {American Mathematical Society. Bulletin. New Series},
    VOLUME = {27},
      YEAR = {1992},
    NUMBER = {2},
     PAGES = {279--283},
      ISSN = {0273-0979},
   MRCLASS = {52C22 (05B45)},
  MRNUMBER = {1155280},
MRREVIEWER = {S. Stein},
       DOI = {10.1090/S0273-0979-1992-00318-X},
}

@article {mackey:02,
    AUTHOR = {Mackey, John},
     TITLE = {A cube tiling of dimension eight with no facesharing},
   JOURNAL = {Discrete Comput. Geom.},
  FJOURNAL = {Discrete \& Computational Geometry. An International Journal
              of Mathematics and Computer Science},
    VOLUME = {28},
      YEAR = {2002},
    NUMBER = {2},
     PAGES = {275--279},
      ISSN = {0179-5376},
   MRCLASS = {52C22 (05B45)},
  MRNUMBER = {1920144},
MRREVIEWER = {Elizaveta Zamorzaeva},
       DOI = {10.1007/s00454-002-2801-9},
}

@book {newton:mp,
     TITLE = {The mathematical papers of {I}saac {N}ewton},
    EDITOR = {Whiteside, D. T.},
      NOTE = {in seven volumes},
 PUBLISHER = {Cambridge University Press},
   ADDRESS = {Cambridge},
      YEAR = {1967--1981},
      ISBN = {0-521-08720-1},
   MRCLASS = {01A75 (01A45)},
  MRNUMBER = {0505130},
MRREVIEWER = {C. J. Scriba},
}

@article {perron:40a,
    AUTHOR = {Perron, Oskar},
     TITLE = {\"{U}ber l\"{u}ckenlose {A}usf\"{u}llung des {$n$}-dimensionalen {R}aumes
              durch kongruente {W}\"{u}rfel},
   JOURNAL = {Math. Z.},
  FJOURNAL = {Mathematische Zeitschrift},
    VOLUME = {46},
      YEAR = {1940},
     PAGES = {1--26},
      ISSN = {0025-5874},
   MRCLASS = {48.0X},
  MRNUMBER = {3041},
MRREVIEWER = {J. F. Koksma},
       DOI = {10.1007/BF01181421},
}

@article {perron:40b,
    AUTHOR = {Perron, Oskar},
     TITLE = {\"{U}ber l\"{u}ckenlose {A}usf\"{u}llung des {$n$}-dimensionalen {R}aumes
              durch kongruente {W}\"{u}rfel. {II}},
   JOURNAL = {Math. Z.},
  FJOURNAL = {Mathematische Zeitschrift},
    VOLUME = {46},
      YEAR = {1940},
     PAGES = {161--180},
      ISSN = {0025-5874},
   MRCLASS = {48.0X},
  MRNUMBER = {2185},
MRREVIEWER = {P. Scherk},
       DOI = {10.1007/BF01181436},
}

@article {szabo:86,
    AUTHOR = {Szab\'{o}, S.},
     TITLE = {A reduction of {K}eller's conjecture},
   JOURNAL = {Period. Math. Hungar.},
  FJOURNAL = {Periodica Mathematica Hungarica. Journal of the J\'{a}nos Bolyai
              Mathematical Society},
    VOLUME = {17},
      YEAR = {1986},
    NUMBER = {4},
     PAGES = {265--277},
      ISSN = {0031-5303},
   MRCLASS = {52A43 (11H06 20K01 52A45)},
  MRNUMBER = {866636},
MRREVIEWER = {Peter M. Gruber},
       DOI = {10.1007/BF01848388},
}

@article {tschinkel:06,
    AUTHOR = {Tschinkel, Yuri},
     TITLE = {About the cover: on the distribution of primes---{G}auss'
              tables},
   JOURNAL = {Bull. Amer. Math. Soc. (N.S.)},
  FJOURNAL = {American Mathematical Society. Bulletin. New Series},
    VOLUME = {43},
      YEAR = {2006},
    NUMBER = {1},
     PAGES = {89--91},
      ISSN = {0273-0979},
   MRCLASS = {01A50 (11-03)},
  MRNUMBER = {2201552},
       DOI = {10.1090/S0273-0979-05-01096-7},
}

@article {viazovska:17,
    AUTHOR = {Viazovska, Maryna S.},
     TITLE = {The sphere packing problem in dimension 8},
   JOURNAL = {Ann. of Math. (2)},
  FJOURNAL = {Annals of Mathematics. Second Series},
    VOLUME = {185},
      YEAR = {2017},
    NUMBER = {3},
     PAGES = {991--1015},
      ISSN = {0003-486X},
   MRCLASS = {52C17 (11F03 11F06 11H31)},
  MRNUMBER = {3664816},
MRREVIEWER = {Rainer Schulze-Pillot},
       DOI = {10.4007/annals.2017.185.3.7},
}

@book {westfall:80,
    AUTHOR = {Westfall, Richard S.},
     TITLE = {Never at rest: A biography of {I}saac {N}ewton},
 PUBLISHER = {Cambridge University Press, Cambridge},
      YEAR = {1980},
     PAGES = {xviii+908},
      ISBN = {0-521-23143-4},
   MRCLASS = {01A70},
  MRNUMBER = {741027},
}