@book{rooijriesz,
    title={Lecture notes on Riesz Spaces},
    author={van Rooij, Arnoud C M},
    year={2011},
    url={https://github.com/awesterb/riesz-spaces}
}

@article{kadison1951isometries,
  title={Isometries of operator algebras},
  author={Kadison, Richard V},
  journal={Annals of Mathematics},
  pages={325--338},
  year={1951},
  publisher={JSTOR}
}

@article{wright1978isometries,
  title={On isometries of {Jordan} algebras},
  author={Wright, JD and Youngson, MA},
  journal={Journal of the London Mathematical Society},
  volume={2},
  number={2},
  pages={339--344},
  year={1978},
  publisher={Oxford University Press}
}


@article{mayet1995classes,
  title={Classes of logics representable as kernels of measures},
  author={Mayet, Ren{\'e} and Navara, Mirko},
  journal={Contributions to General Algebra},
  volume={9},
  pages={241--248},
  year={1995}
}

@article{shultz1979normed,
  title={On normed {Jordan} algebras which are {Banach} dual spaces},
  author={Shultz, Frederic W},
  journal={Journal of Functional Analysis},
  volume={31},
  number={3},
  pages={360--376},
  year={1979},
  publisher={Elsevier}
}

@phdthesis{kentathesis,
    author = {Cho, Kenta},
    link = {https://group-mmm.org/~kenta/papers/thesis.pdf},
    url = {https://group-mmm.org/~kenta/papers/thesis.pdf},
    school = {Radboud Universiteit Nijmegen},
    year = {2019},
    title = {Effectuses in Categorical Quantum Foundations}
}

@article{kalmbach1977orthomodular,
  title={Orthomodular lattices do not satisfy any special lattice equation},
  author={Kalmbach, Gudrun},
  journal={Archiv der Mathematik},
  volume={28},
  number={1},
  pages={7--8},
  year={1977},
  publisher={Springer}
}

@article{harding2004remarks,
  title={Remarks on concrete orthomodular lattices},
  author={Harding, John},
  journal={International Journal of Theoretical Physics},
  volume={43},
  number={10},
  pages={2149--2168},
  year={2004},
  publisher={Springer}
}

@article{rievcanova2000generalization,
  title={Generalization of blocks for {D}-lattices and lattice-ordered effect algebras},
  author={Rie{\v{c}}anov{\'a}, Zdenka},
  journal={International Journal of Theoretical Physics},
  volume={39},
  number={2},
  pages={231--237},
  year={2000},
  publisher={Springer}
}

@article{jenvca2015effect,
  title={Effect algebras are the {Eilenberg-Moore} category for the {Kalmbach} monad},
  author={Jen{\v{c}}a, Gejza},
  journal={Order},
  volume={32},
  number={3},
  pages={439--448},
  year={2015},
  publisher={Springer}
}

@article{foulis2010type,
  title={Type-decomposition of an effect algebra},
  author={Foulis, David J and Pulmannov{\'a}, Sylvia},
  journal={Foundations of Physics},
  volume={40},
  number={9-10},
  pages={1543--1565},
  year={2010},
  publisher={Springer}
}

@article{tkadlec2016distributivity,
  title={Distributivity and associativity in effect algebras},
  author={Tkadlec, Josef},
  journal={Fuzzy Sets and Systems},
  volume={289},
  pages={151--156},
  year={2016},
  publisher={Elsevier}
}

@phdthesis{westerbaan2013sequential,
  title={Sequential product on effect logics},
  author={Westerbaan, Bas},
  year={2013},
  school={MS thesis, Radboud University Nijmegen}
}

@article{gudder1998representation,
  title={Representation theorem for convex effect algebras},
  author={Gudder, Stanley and Pulmannov{\'a}, Sylvia},
  journal={Commentationes Mathematicae Universitatis Carolinae},
  volume={39},
  number={4},
  pages={645--660},
  year={1998},
  publisher={Prague [Mathematical Institute of the Charles University]}
}

@article{wright1972measures,
  title={Measures with values in a partially ordered vector space},
  author={Wright, JD Maitland},
  journal={Proceedings of the London Mathematical Society},
  volume={3},
  number={4},
  pages={675--688},
  year={1972},
  publisher={Wiley Online Library}
}

@article{gudder2005open,
  title={Open problems for sequential effect algebras},
  author={Gudder, Stan},
  journal={International Journal of Theoretical Physics},
  volume={44},
  number={12},
  pages={2199--2206},
  year={2005},
  publisher={Springer}
}

@misc{weteringrewritingjordangithub,
  author = {van de Wetering, John},
  title = {\texttt{jordanrewrite}: Python script for rewriting long expressions in Jordan algebras, used for proving the fundamental equality},
  url = {https://github.com/jvdwetering/jordanrewrite},
  year = {2019},
  note = {Available on Github: \href{https://github.com/jvdwetering/jordanrewrite}{\texttt{github.com/jvdwetering/jordanrewrite}}}

}

@article{Jencova2019spectral,
  doi = {https://doi.org/10.22331/q-2019-06-03-148},
  url = {https://doi.org/https://doi.org/10.22331/q-2019-06-03-148},
  title = {On the properties of spectral effect algebras},
  author = {Jen{\v{c}}ov{\'{a}}, Anna and Pl{\'{a}}vala, Martin},
  journal = {{Quantum}},
  issn = {2521-327X},
  publisher = {{Verein zur F{\"{o}}rderung des Open Access Publizierens in den Quantenwissenschaften}},
  volume = {3},
  pages = {148},
  month = jun,
  year = {2019}
}

@article{janotta2013generalized,
  title={Generalized probabilistic theories without the no-restriction hypothesis},
  author={Janotta, Peter and Lal, Raymond},
  journal={Physical Review A},
  volume={87},
  number={5},
  pages={052131},
  year={2013},
  publisher={APS}
}

@article{gudder2001sequential,
  title={Sequential quantum measurements},
  author={Gudder, Stan and Nagy, Gabriel},
  journal={Journal of Mathematical Physics},
  volume={42},
  number={11},
  pages={5212--5222},
  year={2001},
  publisher={AIP}
}

@Inproceedings{cunningham2017purity,
  author    = {Cunningham, Oscar and Heunen, Chris},
  year      = {2018},
  title     = {Purity through Factorisation},
  editor    = {Coecke, Bob and Kissinger, Aleks},
  booktitle = {{\rm Proceedings 14th International Conference on}
               Quantum Physics and Logic,
               {\rm Nijmegen, The Netherlands, 3-7 July 2017}},
  series    = {Electronic Proceedings in Theoretical Computer Science},
  volume    = {266},
  publisher = {Open Publishing Association},
  pages     = {315-328},
  doi       = {https://doi.org/10.4204/EPTCS.266.20},
}

@incollection{hanche1985jb,
  title={{JB}-algebras with tensor products are {C*}-algebras},
  author={Hanche-Olsen, Harald},
  booktitle={Operator Algebras and their Connections with Topology and Ergodic Theory},
  pages={223--229},
  year={1985},
  publisher={Springer}
}

@article{tull2019phdthesis,
  title={Categorical Operational Physics},
  author={Tull, Sean},
  note={\href{https://arxiv.org/abs/1902.00343}{arxiv:1902.00343}},
  year={2019}
}

@book{etingof2016tensor,
  title={Tensor categories},
  author={Etingof, Pavel and Gelaki, Shlomo and Nikshych, Dmitri and Ostrik, Victor},
  volume={205},
  year={2016},
  publisher={American Mathematical Society}
}

@article{spekkens2007toy,
  title={Evidence for the epistemic view of quantum states: A toy theory},
  author={Spekkens, Robert W},
  journal={Physical Review A},
  volume={75},
  number={3},
  pages={032110},
  year={2007},
  publisher={APS},
  doi={https://doi.org/10.1103/PhysRevA.75.032110}
}

@article{heunen2010quantum,
  title={Quantum logic in dagger kernel categories},
  author={Heunen, Chris and Jacobs, Bart},
  journal={Order},
  volume={27},
  number={2},
  pages={177--212},
  year={2010},
  publisher={Springer},
  doi={https://doi.org/10.1007/s11083-010-9145-5}
}

@article{hardy2012limited,
  title={Limited holism and real-vector-space quantum theory},
  author={Hardy, Lucien and Wootters, William K},
  journal={Foundations of Physics},
  volume={42},
  number={3},
  pages={454--473},
  year={2012},
  publisher={Springer},
  doi={https://doi.org/10.1007/s10701-011-9616-6}
}

@article{gogioso2017fantastic,
  title={Fantastic Quantum Theories and Where to Find Them},
  author={Gogioso, Stefano},
  notes={\href{https://arxiv.org/abs/1703.10576}{arXiv:1703.10576}},
    year={2017}
}

@article{popescu2014nonlocality,
  title={Nonlocality beyond quantum mechanics},
  author={Popescu, Sandu},
  journal={Nature Physics},
  volume={10},
  number={4},
  pages={264},
  year={2014},
  publisher={Nature Publishing Group},
  doi={https://doi.org/10.1038/nphys2916}
}

@article{short2010entropy,
  title={Entropy in general physical theories},
  author={Short, Anthony J and Wehner, Stephanie},
  journal={New Journal of Physics},
  volume={12},
  number={3},
  pages={033023},
  year={2010},
  publisher={IOP Publishing},
  doi={https://doi.org/10.1088/1367-2630/12/3/033023}
}

@article{barnum2007generalized,
  title={Generalized no-broadcasting theorem},
  author={Barnum, Howard and Barrett, Jonathan and Leifer, Matthew and Wilce, Alexander},
  journal={Physical Review Letters},
  volume={99},
  number={24},
  pages={240501},
  year={2007},
  publisher={APS},
  doi={https://doi.org/10.1103/PhysRevLett.99.240501}
}

@article{albert1934certain,
    author = {Albert, A Adrian},
    journal = {Annals of Mathematics},
    pages = {65--73},
    publisher = {JSTOR},
    title = {On a certain algebra of quantum mechanics},
    year = {1934}
}

@book{alfsen2012geometry,
    author = {Alfsen, Erik M and Shultz, Frederic W},
    doi = {https://doi.org/10.1007/978-1-4612-0019-2},
    publisher = {Springer Science \& Business Media},
    title = {Geometry of state spaces of operator algebras},
    year = {2012}
}

@book{alfsen2012state,
    author = {Alfsen, Erik M and Shultz, Frederik W},
    doi = {https://doi.org/10.1007/978-1-4612-0147-2},
    publisher = {Springer Science \& Business Media},
    title = {State spaces of operator algebras: basic theory, orientations, and C*-products},
    year = {2012}
}

@article{barnum2014higher,
    author = {Barnum, Howard and M{\"u}ller, Markus P and Ududec, Cozmin},
    doi = {https://doi.org/10.1088/1367-2630/16/12/123029},
    journal = {New Journal of Physics},
    number = {12},
    pages = {123029},
    publisher = {IOP Publishing},
    title = {Higher-order interference and single-system postulates characterizing quantum theory},
    volume = {16},
    year = {2014}
}

@article{barnum2014local,
    author = {Barnum, Howard and Wilce, Alexander},
    doi = {https://doi.org/10.1007/s10701-014-9777-1},
    journal = {Foundations of Physics},
    number = {2},
    pages = {192--212},
    publisher = {Springer},
    title = {{Local tomography and the Jordan structure of quantum theory}},
    volume = {44},
    year = {2014}
}

@article{barnum2016composites,
    author = {Barnum, Howard and Graydon, Matthew and Wilce, Alexander},
    note = {\href{https://arxiv.org/abs/1606.09331}{arxiv.org/1606.09331}},
    title = {{Composites and categories of Euclidean Jordan algebras}},
    year = {2016}
}

@article{barnum2017ruling,
    author = {Barnum, Howard and Lee, Ciar{\'a}n M and Scandolo, Carlo Maria and Selby, John H},
    doi = {https://doi.org/10.3390/e19060253},
    journal = {Entropy},
    number = {6},
    pages = {253},
    publisher = {Multidisciplinary Digital Publishing Institute},
    title = {Ruling out higher-order interference from purity principles},
    volume = {19},
    year = {2017}
}

@article{barrett2007information,
    author = {Barrett, Jonathan},
    doi = {https://doi.org/10.1103/PhysRevA.75.032304},
    journal = {Physical Review A},
    number = {3},
    pages = {032304},
    publisher = {APS},
    title = {Information processing in generalized probabilistic theories},
    volume = {75},
    year = {2007}
}

@article{barrett2017localstoch,
  title={The computational landscape of general physical theories},
  author={Barrett, Jonathan and de Beaudrap, Niel and Hoban, Matty J and Lee, Ciar{\'a}n M},
  journal={npj Quantum Information},
  volume={5},
  number={1},
  pages={41},
  year={2019},
  publisher={Nature Publishing Group}
}

@phdthesis{basthesis,
    author = {Westerbaan, Bas},
    link = {https://westerbaan.name/~bas/thesis.pdf},
    url = {https://westerbaan.name/~bas/thesis.pdf},
    school = {Radboud Universiteit Nijmegen},
    title = {Dagger and dilations in the category of von Neumann algebras},
    year = {2019}
}

@mastersthesis{basmaster,
  title={Sequential product on effect logics},
  author={Westerbaan, Bas},
  year={2013},
  link = {http://westerbaan.name/\~{}bas/math/master.pdf},
  url = {http://westerbaan.name/\~{}bas/math/master.pdf},
  school={Radboud University Nijmegen}
}

@article{bennett1997interval,
    author = {Bennett, Mary K and Foulis, David J},
    doi = {https://doi.org/10.1006/aama.1997.0535},
    journal = {Advances in Applied Mathematics},
    number = {2},
    pages = {200--215},
    publisher = {Elsevier},
    title = {Interval and scale effect algebras},
    volume = {19},
    year = {1997}
}

@phdthesis{bramthesis,
    author = {Westerbaan, Abraham A.},
    link = {https://bram.westerbaan.name/thesis.pdf},
    url = {https://bram.westerbaan.name/thesis.pdf},
    school = {Radboud Universiteit Nijmegen},
    title = {The Category of Von Neumann Algebras},
    year = {2019}
}

@article{caves2002unknown,
    author = {Caves, Carlton M and Fuchs, Christopher A and Schack, R{\"u}diger},
    doi = {https://doi.org/10.1063/1.1494475},
    journal = {Journal of Mathematical Physics},
    number = {9},
    pages = {4537--4559},
    publisher = {AIP},
    title = {Unknown quantum states: the quantum de Finetti representation},
    volume = {43},
    year = {2002}
}

@article{chiribella2010probabilistic,
    author = {Chiribella, Giulio and D’Ariano, Giacomo Mauro and Perinotti, Paolo},
    doi = {https://doi.org/10.1103/PhysRevA.81.062348},
    journal = {Physical Review A},
    number = {6},
    pages = {062348},
    publisher = {APS},
    title = {Probabilistic theories with purification},
    volume = {81},
    year = {2010}
}

@article{chiribella2011informational,
    author = {Chiribella, Giulio and D’Ariano, Giacomo Mauro and Perinotti, Paolo},
    doi = {https://doi.org/10.1103/PhysRevA.84.012311},
    journal = {Physical Review A},
    number = {1},
    pages = {012311},
    publisher = {APS},
    title = {Informational derivation of quantum theory},
    volume = {84},
    year = {2011}
}

@inproceedings{chiribella2015operational,
    author = {Chiribella, Giulio and Scandolo, Carlo Maria},
    booktitle = {{\rm Proceedings of the 12th International Workshop on}
Quantum Physics and Logic, {\rm Oxford, U.K., July 15-17, 2015}},
    doi = {https://doi.org/10.4204/EPTCS.195.8},
    editor = {Heunen, Chris and Selinger, Peter and Vicary, Jamie},
    pages = {96-115},
    publisher = {Open Publishing Association},
    series = {Electronic Proceedings in Theoretical Computer Science},
    title = {Operational axioms for diagonalizing states},
    volume = {195},
    year = {2015}
}

@article{chiribella2016entanglement,
    author = {Chiribella, Giulio and Scandolo, Carlo Maria},
    note = {\href{https://arxiv.org/abs/1608.04459}{arxiv.org:1608.04459}},
    title = {Entanglement as an axiomatic foundation for statistical mechanics},
    year = {2016}
}

@article{chiribella2016purity,
    author = {Chiribella, Giulio and Scandolo, Carlo Maria},
    note = {\href{https://arxiv.org/abs/1608.04460}{arxiv.org:1608.04460}},
    title = {Purity in microcanonical thermodynamics: a tale of three resource theories},
    year = {2016}
}

@article{cho2015introduction,
    author = {Cho, Kenta and Jacobs, Bart and Westerbaan, Bas and Westerbaan, Abraham},
    note = {\href{https://arxiv.org/abs/1512.05813}{arxiv.org:1512.05813}},
    title = {An introduction to effectus theory},
    year = {2015}
}

@inproceedings{cho2015quotient,
    author = {Cho, Kenta and Jacobs, Bart and Westerbaan, Bas and Westerbaan, Bram},
    booktitle = {{\rm Proceedings of the 12th International Workshop on}
Quantum Physics and Logic, {\rm Oxford, U.K., July 15-17, 2015}},
    doi = {https://doi.org/10.4204/EPTCS.195.10},
    editor = {Heunen, Chris and Selinger, Peter and Vicary, Jamie},
    pages = {136-147},
    publisher = {Open Publishing Association},
    series = {Electronic Proceedings in Theoretical Computer Science},
    title = {Quotient-Comprehension Chains},
    volume = {195},
    year = {2015}
}

@article{chu2017infinite,
    author = {Chu, Cho-Ho},
    doi = {https://doi.org/10.1016/j.jalgebra.2017.08.017},
    journal = {Journal of Algebra},
    pages = {357--371},
    publisher = {Elsevier},
    title = {Infinite dimensional Jordan algebras and symmetric cones},
    volume = {491},
    year = {2017}
}

@book{chu2011jordan,
  title={Jordan structures in geometry and analysis},
  author={Chu, Cho-Ho},
  volume={190},
  year={2011},
  publisher={Cambridge University Press}
}

@article{chua2003relating,
  title={{Relating homogeneous cones and positive definite cones via T-algebras}},
  author={Chua, Chek Beng},
  journal={SIAM Journal on Optimization},
  volume={14},
  number={2},
  pages={500--506},
  year={2003},
  publisher={SIAM}
}

@book{mccrimmon2006taste,
  title={A taste of Jordan algebras},
  author={McCrimmon, Kevin},
  year={2006},
  publisher={Springer Science \& Business Media}
}

@article{dakic2009quantum,
    author = {Dakic, Borivoje and Brukner, Caslav},
    note = {\href{https://arxiv.org/abs/0911.0695}{arxiv:0911.0695}},
    title = {Quantum theory and beyond: is entanglement special?},
    year = {2009}
}

@book{faraut1994analysis,
    author = {Faraut, Jacques and Kor{\'a}nyi, Adam},
    publisher = {Clarendon Press Oxford},
    title = {Analysis on symmetric cones},
    year = {1994}
}

@article{fivel1994interference,
    author = {Fivel, Daniel I},
    doi = {https://doi.org/10.1103/PhysRevA.50.2108},
    journal = {Physical Review A},
    number = {3},
    pages = {2108},
    publisher = {APS},
    title = {How interference effects in mixtures determine the rules of quantum mechanics},
    volume = {50},
    year = {1994}
}

@article{fivel2012derivation,
    author = {Fivel, Daniel I},
    doi = {https://doi.org/10.1007/s10701-011-9603-y},
    journal = {Foundations of Physics},
    number = {2},
    pages = {291--318},
    publisher = {Springer},
    title = {Derivation of the rules of quantum mechanics from information-theoretic axioms},
    volume = {42},
    year = {2012}
}

@article{foulis1994effect,
    author = {Foulis, David J and Bennett, Mary K},
    doi = {https://doi.org/10.1007/BF02283036},
    journal = {Foundations of physics},
    number = {10},
    pages = {1331--1352},
    publisher = {Springer},
    title = {Effect algebras and unsharp quantum logics},
    volume = {24},
    year = {1994}
}

@Inproceedings{gogiosotowards,
  author    = {Gogioso, Stefano and Genovese, Fabrizio},
  year      = {2018},
  title     = {Towards Quantum Field Theory in Categorical Quantum Mechanics},
  editor    = {Coecke, Bob and Kissinger, Aleks},
  booktitle = {{\rm Proceedings 14th International Conference on}
               Quantum Physics and Logic,
               {\rm Nijmegen, The Netherlands, 3-7 July 2017}},
  series    = {Electronic Proceedings in Theoretical Computer Science},
  volume    = {266},
  publisher = {Open Publishing Association},
  pages     = {349-366},
  doi       = {https://doi.org/10.4204/EPTCS.266.22},
}

@article{gowda2017positive,
    author = {Gowda, M Seetharama},
    doi = {https://doi.org/10.1016/j.laa.2016.02.024},
    journal = {Linear Algebra and its Applications},
    pages = {40--61},
    publisher = {Elsevier},
    title = {Positive and doubly stochastic maps, and majorization in Euclidean Jordan algebras},
    volume = {528},
    year = {2017}
}

@article{gudder1999convex,
    author = {Gudder, Stanley},
    journal = {International Journal of Theoretical Physics},
    number = {12},
    pages = {3179--3187},
    publisher = {Springer},
    title = {Convex structures and effect algebras},
    volume = {38},
    year = {1999}
}

@article{gudder2002sequential,
    author = {Gudder, Stan and Greechie, Richard},
    doi = {https://doi.org/10.1016/S0034-4877(02)80007-6},
    journal = {Reports on Mathematical Physics},
    number = {1},
    pages = {87--111},
    publisher = {Elsevier},
    title = {Sequential products on effect algebras},
    volume = {49},
    year = {2002}
}

@article{gudder2002sequentially,
    author = {Gudder, Stan and Nagy, Gabriel},
    journal = {Proceedings of the American Mathematical Society},
    number = {4},
    pages = {1125--1130},
    title = {Sequentially independent effects},
    volume = {130},
    year = {2002}
}

@article{gudder2005uniqueness,
    author = {Gudder, Stan and Greechie, Richard},
    doi = {https://doi.org/10.1007/s10773-005-7054-y},
    journal = {International Journal of Theoretical Physics},
    number = {7},
    pages = {755--770},
    publisher = {Springer},
    title = {Uniqueness and order in sequential effect algebras},
    volume = {44},
    year = {2005}
}

@article{gudder2008characterization,
    author = {Gudder, Stan and Latr{\'e}moli{\`e}re, Fr{\'e}d{\'e}ric},
    doi = {https://doi.org/10.1063/1.2904475},
    journal = {Journal of Mathematical Physics},
    number = {5},
    pages = {052106},
    publisher = {AIP},
    title = {Characterization of the sequential product on quantum effects},
    volume = {49},
    year = {2008}
}

@article{gudder2018convex,
    author = {Gudder, Stan},
    journal = {arXiv preprint arXiv:1802.01265},
    link = {https://arxiv.org/abs/1802.01265},
    url = {https://arxiv.org/abs/1802.01265},
    title = {Convex and Sequential Effect Algebras},
    year = {2018}
}

@article{gunson1967algebraic,
    author = {Gunson, Jack},
    doi = {https://doi.org/10.1007/BF01646019},
    journal = {Communications in mathematical physics},
    number = {4},
    pages = {262--285},
    publisher = {Springer},
    title = {On the algebraic structure of quantum mechanics},
    volume = {6},
    year = {1967}
}

@article{hanche1983structure,
    author = {Hanche-Olsen, Harald},
    doi = {https://doi.org/10.4153/CJM-1983-059-8},
    journal = {Can. J. Math},
    number = {6},
    pages = {1059--1074},
    title = {On the structure and tensor products of JC-algebras},
    volume = {35},
    year = {1983}
}

@book{hanche1984jordan,
    author = {Hanche-Olsen, Harald and St{\o}rmer, Erling},
    publisher = {Pitman Advanced Pub. Program},
    title = {Jordan operator algebras},
    volume = {21},
    year = {1984}
}

@article{hardy2001quantum,
    author = {Hardy, Lucien},
    title = {Quantum Theory From Five Reasonable Axioms},
    year = {2001},
    note = {\href{https://arxiv.org/abs/quant-ph/0101012}{arXiv:0101012}},
}

@article{masanes2011derivation,
  title={A derivation of quantum theory from physical requirements},
  author={Masanes, Lluis and M{\"u}ller, Markus P},
  journal={New Journal of Physics},
  volume={13},
  number={6},
  pages={063001},
  year={2011},
  publisher={IOP Publishing},
  doi={https://doi.org/10.1088/1367-2630/13/6/063001}
}

@article{goyal2010information,
  title={From information geometry to quantum theory},
  author={Goyal, Philip},
  journal={New Journal of Physics},
  volume={12},
  number={2},
  pages={023012},
  year={2010},
  publisher={IOP Publishing},
  doi={https://doi.org/10.1088/1367-2630/12/2/023012}
}

@incollection{hardy2011reformulating,
    author = {Hardy, Lucien},
    booktitle = {Quantum Theory: Informational Foundations and Foils},
    doi = {https://doi.org/10.1007/978-94-017-7303-4_7},
    pages = {223--248},
    publisher = {Springer},
    title = {Reconstructing quantum theory},
    year = {2016}
}

@article{hohn2017toolbox,
    author = {H{\"o}hn, Philipp Andres},
    journal = {Quantum},
    pages = {38},
    publisher = {Verein zur F{\"o}rderung des Open Access Publizierens in den Quantenwissenschaften},
    title = {Toolbox for reconstructing quantum theory from rules on information acquisition},
    volume = {1},
    year = {2017},
    doi={https://doi.org/10.22331/q-2017-12-14-38}
}

@article{ito2017p,
    author = {Ito, Masaru and Louren{\c{c}}o, Bruno F},
    doi = {https://doi.org/10.1016/j.laa.2017.07.029},
    journal = {Linear Algebra and its Applications},
    pages = {326--335},
    publisher = {Elsevier},
    title = {The p-cones in dimension $n\geq 3$ are not homogeneous when $p\neq 2$},
    volume = {533},
    year = {2017}
}

@article{jacobs2011probabilities,
    author = {Jacobs, Bart},
    doi = {https://doi.org/10.1016/j.tcs.2011.04.005},
    journal = {Theoretical Computer Science},
    number = {28},
    pages = {3323--3336},
    publisher = {Elsevier},
    title = {Probabilities, distribution monads, and convex categories},
    volume = {412},
    year = {2011}
}

@article{jacobs2012coreflections,
    author = {Jacobs, Bart and Mandemaker, Jorik},
    doi = {https://doi.org/10.1007/s10701-012-9654-8},
    journal = {Foundations of physics},
    number = {7},
    pages = {932--958},
    publisher = {Springer},
    title = {Coreflections in algebraic quantum logic},
    volume = {42},
    year = {2012}
}

@inproceedings{jacobs2015states,
    author = {Jacobs, Bart and Westerbaan, Bas and Westerbaan, Bram},
    booktitle = {FoSSaCS},
    doi = {https://doi.org/10.1007/978-3-662-46678-0\_6},
    pages = {87--101},
    title = {States of Convex Sets.},
    year = {2015}
}

@article{jacobs2016expectation,
    author = {Jacobs, Bart and Mandemaker, Jorik and Furber, Robert},
    doi = {https://doi.org/10.1016/j.ic.2016.02.009},
    journal = {Information and Computation},
    pages = {87--114},
    publisher = {Elsevier},
    title = {The expectation monad in quantum foundations},
    volume = {250},
    year = {2016}
}

@article{jacobs2017distances,
    author = {Jacobs, Bart and Westerbaan, Abraham},
    journal = {arXiv preprint arXiv:1711.09740},
    link = {https://arxiv.org/abs/1711.09740},
    url = {https://arxiv.org/abs/1711.09740},
    title = {{Distances between States and between Predicates}},
    year = {2017}
}

@book{jordan1933,
    author = {Jordan, Pascual},
    publisher = {Weidmann},
    title = {{\"U}ber {V}erallgemeinerungsm{\"o}glichkeiten des {F}ormalismus der {Q}uantenmechanik},
    year = {1933}
}

@article{jordan1993algebraic,
 ISSN = {0003486X},
 author = {Jordan, Pascual and von Neumann, John and Wigner, Eugene},
 journal = {Annals of Mathematics},
 number = {1},
 pages = {29--64},
 publisher = {Annals of Mathematics},
 title = {On an Algebraic Generalization of the Quantum Mechanical Formalism},
 volume = {35},
 year = {1934},
 doi={https://doi.org/10.2307/1968117}
}



@article{jun2009remarks,
    author = {Jun, Shen and Wu, Junde},
    journal = {Reports on Mathematical Physics},
    number = {3},
    pages = {441--446},
    publisher = {Elsevier},
    title = {Remarks on the sequential effect algebras},
    volume = {63},
    year = {2009}
}

@book{kadison1951representation,
    author = {Kadison, Richard V},
    doi = {https://doi.org/10.1090/memo/0007},
    number = {7},
    publisher = {American Mathematical Society},
    title = {A representation theory for commutative topological algebra},
    year = {1951}
}

@article{kadison1956operator,
    author = {Kadison, Richard V},
    doi = {https://doi.org/10.2307/1969954},
    journal = {Annals of mathematics},
    pages = {175--181},
    publisher = {JSTOR},
    title = {Operator algebras with a faithful weakly-closed representation},
    year = {1956}
}

@book{kadison2015fundamentals,
    author = {Kadison, Richard V and Ringrose, John R},
    publisher = {American Mathematical Soc.},
    title = {Fundamentals of the Theory of Operator Algebras Vollume II: Advanced Theory},
    volume = {2},
    year = {2015}
}

@article{koecher1957positivitatsbereiche,
    author = {Koecher, Max},
    journal = {American Journal of Mathematics},
    pages = {575--596},
    publisher = {JSTOR},
    title = {{Positivitatsbereiche im $R^n$}},
    year = {1957}
}

@article{krumm2017thermodynamics,
    author = {Krumm, Marius and Barnum, Howard and Barrett, Jonathan and M{\"u}ller, Markus P},
    doi = {https://doi.org/10.1088/1367-2630/aa68ef},
    journal = {New Journal of Physics},
    number = {4},
    pages = {043025},
    publisher = {IOP Publishing},
    title = {Thermodynamics and the structure of quantum theory},
    volume = {19},
    year = {2017}
}

@article{lee2015computation,
    author = {Lee, Ciar{\'a}n M and Barrett, Jonathan},
    journal = {New Journal of Physics},
    number = {8},
    pages = {083001},
    publisher = {IOP Publishing},
    title = {Computation in generalised probabilistic theories},
    volume = {17},
    year = {2015}
}

@article{masanes2014entanglement,
    author = {Masanes, Lluis and M{\"u}ller, Markus P and P{\'e}rez-Garc{\'i}a, David and Augusiak, Remigiusz},
    doi = {https://doi.org/10.1063/1.4903510},
    journal = {Journal of Mathematical Physics},
    number = {12},
    pages = {122203},
    publisher = {AIP Publishing},
    title = {Entanglement and the three-dimensionality of the {Bloch} ball},
    volume = {55},
    year = {2014}
}

@article{mccrimmon1966general,
    author = {McCrimmon, Kevin},
    doi = {https://doi.org/10.1073/pnas.56.4.1072},
    journal = {Proceedings of the National Academy of Sciences},
    number = {4},
    pages = {1072--1079},
    publisher = {National Acad Sciences},
    title = {A general theory of {Jordan} rings},
    volume = {56},
    year = {1966}
}

@Inproceedings{moliner2017space,
  author    = {Enrique Moliner, Pau and Heunen, Chris and Tull, Sean},
  year      = {2018},
  title     = {Space in Monoidal Categories},
  editor    = {Coecke, Bob and Kissinger, Aleks},
  booktitle = {{\rm Proceedings 14th International Conference on}
               Quantum Physics and Logic,
               {\rm Nijmegen, The Netherlands, 3-7 July 2017}},
  series    = {Electronic Proceedings in Theoretical Computer Science},
  volume    = {266},
  publisher = {Open Publishing Association},
  pages     = {399-410},
  doi       = {https://doi.org/10.4204/EPTCS.266.25},
}


@incollection{nagel1974order,
    author = {Nagel, Rainer J},
    booktitle = {Foundations of Quantum Mechanics and Ordered Linear Spaces},
    doi = {https://doi.org/10.1007/3-540-06725-6\_4},
    pages = {23--29},
    publisher = {Springer},
    title = {Order unit and base norm spaces},
    year = {1974}
}

@article{oniscik1968lie,
    author = {Oniscik, AL},
    doi = {https://doi.org/10.1070/SM1968v004n02ABEH002794},
    journal = {Sbornik: Mathematics},
    number = {2},
    pages = {233--240},
    publisher = {Turpion Ltd},
    title = {On Lie groups, transitive on compact manifolds. iii},
    volume = {4},
    year = {1968}
}

@article{saito2007classifying,
    author = {Sait{\^o}, Kazuyuki and Wright, JD Maitland},
    doi = {https://doi.org/10.1007/s11587-007-0021-6},
    journal = {Ricerche di matematica},
    number = {2},
    pages = {321--355},
    publisher = {Springer},
    title = {On classifying monotone complete algebras of operators},
    volume = {56},
    year = {2007}
}

@book{saito2015monotone,
    author = {Sait{\^o}, Kazuyuki and Wright, JD Maitland},
    doi = {https://doi.org/10.1007/978-1-4471-6775-4},
    publisher = {Springer},
    title = {Monotone complete C*-algebras and generic dynamics},
    year = {2015}
}

@article{selby2018reconstructing,
    author = {Selby, John H and Scandolo, Carlo Maria and Coecke, Bob},
    note = {\href{https://arxiv.org/abs/1802.00367}{arxiv:1802.00367}},
    title = {Reconstructing quantum theory from diagrammatic postulates},
    year = {2018}
}

@book{takesaki2013theory,
    author = {Takesaki, Masamichi},
    doi = {https://doi.org/10.1007/978-3-662-10451-4},
    publisher = {Springer Science \& Business Media},
    title = {Theory of operator algebras II},
    volume = {125},
    year = {2013}
}

@article{thill2003monotone,
    author = {Thill, Marco},
    journal = {arXiv preprint arXiv:math/0311438},
    link = {https://arxiv.org/abs/math/0311438},
    url = {https://arxiv.org/abs/math/0311438},
    title = {A monotone selection principle in C*-algebras},
    year = {2003}
}

@article{tull2016,
    author = {Tull, Sean},
    note = {\href{https://arxiv.org/abs/1602.06284}{arxiv:1602.06284}},
    title = {Operational theories of physics as categories},
    year = {2016}
}

@article{tull2016reconstruction,
    author = {Tull, Sean},
    note = {\href{https://arxiv.org/abs/1804.02265}{arxiv:1804.02265}},
    title = {A Categorical Reconstruction of Quantum Theory},
    year = {2016}
}

@article{vinberg1967theory,
  title={Theory of homogeneous convex cones},
  author={Vinberg, Ernest B},
  journal={Trans. Moscow Math. Soc.},
  volume={12},
  pages={303--368},
  year={1967}
}

@article{weihua2009uniqueness,
    author = {Weihua, Liu and Junde, Wu},
    doi = {https://doi.org/10.1088/1751-8113/42/18/185206},
    journal = {Journal of Physics A: Mathematical and Theoretical},
    number = {18},
    pages = {185206},
    publisher = {IOP Publishing},
    title = {A uniqueness problem of the sequence product on operator effect algebra {E(H)}},
    volume = {42},
    year = {2009}
}

@inproceedings{westerbaan2018puremaps,
  author    = {Westerbaan, Abraham and Westerbaan, Bas and van de Wetering, John},
  year      = {2019},
  title     = {{Pure Maps between Euclidean Jordan Algebras}},
  editor    = {Selinger, Peter and Chiribella, Giulio},
  booktitle = {Proceedings of the 15th International Conference on Quantum Physics and Logic, Halifax, Canada, 3-7th June 2018},
  series    = {Electronic Proceedings in Theoretical Computer Science},
  volume    = {287},
  publisher = {Open Publishing Association},
  pages     = {345-364},
  doi       = {https://doi.org/10.4204/EPTCS.287.19},
  link      = {http://arxiv.org/abs/1805.11496}
}

@inproceedings{westerbaan2016paschke,
    author = {Westerbaan, Abraham and Westerbaan, Bas},
    booktitle = {{\rm Proceedings 13th International Conference on}
Quantum Physics and Logic, {\rm Glasgow, Scotland, 6-10 June 2016}},
    doi = {https://doi.org/10.4204/EPTCS.236.15},
    editor = {Duncan, Ross and Heunen, Chris},
    pages = {229-244},
    publisher = {Open Publishing Association},
    series = {Electronic Proceedings in Theoretical Computer Science},
    title = {Paschke Dilations},
    volume = {236},
    year = {2017}
}

@article{westerbaan2016universal,
    author = {Westerbaan, Abraham and Westerbaan, Bas},
    doi = {https://doi.org/10.1063/1.4961526},
    journal = {Journal of Mathematical Physics},
    number = {9},
    pages = {092203},
    publisher = {AIP Publishing},
    title = {A universal property for sequential measurement},
    volume = {57},
    year = {2016}
}

@article{wetering2018characterisation,
    author = {van de Wetering, John},
    journal = {J. Math. Phys. Vol. 59-8},
    link = {https://aip.scitation.org/doi/https://doi.org/10.1063/1.5031089},
    doi = {https://doi.org/10.1063/1.5031089},
    title = {Three characterisations of the sequential product},
    year = {2018},
}

@article{wetering2018reconstruction,
    author = {van de Wetering, John},
    journal = {arxiv preprint arXiv:1801.05798},
    link = {https://arxiv.org/abs/1801.05798},
    title = {An effect-theoretic reconstruction of quantum theory},
    year = {2018}
}

@article{abramsky2009categorical,
  title={Categorical quantum mechanics},
  author={Abramsky, Samson and Coecke, Bob},
  journal={Handbook of quantum logic and quantum structures: quantum logic},
  pages={261--324},
  year={2009},
  publisher={Elsevier Amsterdam}
}

@article{wetering2018sequential,
  title={Sequential product spaces are {Jordan} algebras},
  author={van de Wetering, John},
  journal={Journal of Mathematical Physics},
  volume={60},
  number={6},
  pages={062201},
  year={2019},
  publisher={AIP Publishing},
  doi = {https://doi.org/10.1063/1.5093504}
}

@article{wilce2018royal,
  title={A Royal Road to Quantum Theory (or Thereabouts)},
  author={Wilce, Alexander},
  journal={Entropy},
  volume={20},
  number={4},
  pages={227},
  year={2018},
  publisher={Multidisciplinary Digital Publishing Institute},
  doi={https://doi.org/10.3390/e20040227}
}

@article{devetak2005distillation,
  title={Distillation of local purity from quantum states},
  author={Devetak, Igor},
  journal={Physical Review A},
  doi = {https://doi.org/10.1007/BF01646490},
  volume={71},
  number={6},
  pages={062303},
  year={2005},
  publisher={APS}
}

@article{fuchs2002quantum,
  title={Quantum mechanics as quantum information (and only a little more)},
  author={Fuchs, Christopher A},
  note = {\href{https://arxiv.org/abs/quant-ph/0205039}{arxiv:0205039}},
  year={2002}
}

@article{brandao2013resource,
  title={Resource theory of quantum states out of thermal equilibrium},
  author={Brandao, Fernando GSL and Horodecki, Micha{\l} and Oppenheim, Jonathan and Renes, Joseph M and Spekkens, Robert W},
  journal={Physical Review Letters},
  doi = {https://doi.org/10.1023/B:OPSY.0000047566.72717.71},
  volume={111},
  number={25},
  pages={250404},
  year={2013},
  publisher={APS}
}