@article{Ney2020-NEYFTW,
	title = {Finding the World in the Wave Function: Some Strategies for Solving the Macro-Object Problem},
	volume = {197},
	journal = {Synthese},
	pages = {4227--4249},
	author = {Alyssa Ney},
	doi = {10.1007/s11229-017-1349-4},
	number = {10},
	year = {2020},
	publisher = {Springer Verlag}
}

@incollection{ney2020,
year={2020},
booktitle={Philosophy Beyond Spacetime: Implications from Quantum Gravity},
editor={W\"uthrich, C. and Le Bihan, B. and Huggett, N.},
title={From Quantum Entanglement to Spatiotemporal Distance},
publisher={Oxford University Press, Oxford},
author={Ney, A.}
}

@incollection{Carroll:2018rhc,
    author = "Carroll, Sean M. and Singh, Ashmeet",
    title = "{Mad-Dog Everettianism: Quantum Mechanics at Its Most Minimal}",
    booktitle={What Is Fundamental?},
    editor = {Aguirre, A. and Foster, B. and Merali, Z.},
    publisher = {Springer},
    pages = {95--104},
    eprint = "1801.08132",
    archivePrefix = "arXiv",
    primaryClass = "quant-ph",
    year = "2019"
}

@article{Carlip:2012wa,
    author = "Carlip, S.",
    title = "{Challenges for Emergent Gravity}",
    eprint = "1207.2504",
    archivePrefix = "arXiv",
    primaryClass = "gr-qc",
    doi = "10.1016/j.shpsb.2012.11.002",
    journal = "Stud. Hist. Phil. Sci. B",
    volume = "46",
    pages = "200--208",
    year = "2014"
}

@inproceedings{hu2009emergent,
  title={Emergent/quantum gravity: macro/micro structures of spacetime},
  author={Hu, Bei-Lok},
  booktitle={Journal of Physics: Conference Series},
  volume={174},
  pages={012015},
  year={2009},
  organization={IOP Publishing}
}

@article{huggett2013emergent,
  title={Emergent spacetime and empirical (in)coherence},
  author={Huggett, Nick and W{\"u}thrich, Christian},
  journal={Studies in History and Philosophy of Science Part B: Studies in History and Philosophy of Modern Physics},
  volume={44},
  number={3},
  pages={276--285},
  year={2013},
  publisher={Elsevier}
}

@incollection{wallace2017,
year={2017},
booktitle={Current Controversies in Philosophy of Science},
series={Current Controversies in Philosophy},
editor={Dasgupta, S. and Dotan, R. and Weslake, B.},
title={Against Wavefunction Realism},
publisher={Routledge, New York},
author={Wallace, D.},
pages={63-74}
}

@incollection{albert1996,
year={1996},
booktitle={Bohmian Mechanics and Quantum Theory: An Appraisal},
editor={Cushing, J.T. and Fine, A. and Goldstein, S.},
title={Elementary quantum metaphysics},
publisher={Kluwer, Dordrecht},
author={Albert, D.Z.},
pages={277-284}
}

@incollection{ney2013,
year={2013},
booktitle={The Wave Function: Essays on the Metaphysics of Quantum Mechanics},
editor={Ney, A. and Albert, D.Z.},
title={Introduction},
publisher={Oxford University Press, Oxford},
author={Ney, A.},
pages={1-51}
}

@incollection{north2013,
year={2013},
booktitle={The Wave Function: Essays on the Metaphysics of Quantum Mechanics},
editor={Ney, A. and Albert, D.Z.},
title={The structure of a quantum world},
publisher={Oxford University Press, Oxford},
author={North, J.},
pages={184-202}
}

@incollection{allori2013,
year={2013},
booktitle={The Wave Function: Essays on the Metaphysics of Quantum Mechanics},
editor={Ney, A. and Albert, D.Z.},
title={Primitive ontology and the structure of fundamental physical theories},
publisher={Oxford University Press, Oxford},
author={Allori, V.},
pages={58-75}
}

@article{Hamma:2008jt,
    author = "Hamma, Alioscia and Markopoulou, Fotini and Premont-Schwarz, Isabeau and Severini, Simone",
    title = "{Lieb-Robinson bounds and the speed of light from topological order}",
    eprint = "0808.2495",
    archivePrefix = "arXiv",
    primaryClass = "quant-ph",
    doi = "10.1103/PhysRevLett.102.017204",
    journal = "Phys. Rev. Lett.",
    volume = "102",
    pages = "017204",
    year = "2009"
}

@article{Lieb:1972wy,
    author = "Lieb, E. H. and Robinson, D. W.",
    title = "{The finite group velocity of quantum spin systems}",
    doi = "10.1007/BF01645779",
    journal = "Commun. Math. Phys.",
    volume = "28",
    pages = "251--257",
    year = "1972"
}

@article{Levin:2004mi,
    author = "Levin, Michael A. and Wen, Xiao-Gang",
    title = "{String net condensation: A Physical mechanism for topological phases}",
    eprint = "cond-mat/0404617",
    archivePrefix = "arXiv",
    doi = "10.1103/PhysRevB.71.045110",
    journal = "Phys. Rev. B",
    volume = "71",
    pages = "045110",
    year = "2005"
}

@article{Anderson:2010xm,
    author = "Anderson, Edward",
    title = "{The Problem of Time in Quantum Gravity}",
    url = {https://arxiv.org/abs/1009.2157},
    eprint = "1009.2157",
    archivePrefix = "arXiv",
    primaryClass = "gr-qc",
    month = "9",
    year = "2010"
}

@article{Giddings:2015lla,
      author         = "Giddings, Steven B.",
      title          = "{Hilbert space structure in quantum gravity: an algebraic
                        perspective}",
      journal        = "JHEP",
      volume         = "12",
      year           = "2015",
      pages          = "099",
      doi            = "10.1007/JHEP12(2015)099",
      eprint         = "1503.08207",
      archivePrefix  = "arXiv",
      primaryClass   = "hep-th",
      SLACcitation   = "%%CITATION = ARXIV:1503.08207;%%"
}

@article{Carroll:2020gme,
    author = "Carroll, Sean M. and Singh, Ashmeet",
    title = "{Quantum mereology: Factorizing Hilbert space into subsystems with quasiclassical dynamics}",
    eprint = "2005.12938",
    archivePrefix = "arXiv",
    primaryClass = "quant-ph",
    reportNumber = "CALT-TH-2020-023",
    doi = "10.1103/PhysRevA.103.022213",
    journal = "Phys. Rev. A",
    volume = "103",
    number = "2",
    pages = "022213",
    year = "2021"
}


@book{aharonov2005quantum,
  title={Quantum Paradoxes},
  author={Aharonov, Yakir and Rohrlich, Daniel},
  year={2005},
  publisher={Wiley, New York}
}

@BOOK{haagAQFT,
  TITLE = {Local Quantum Physics},
  SUBTITLE = {Fields, Particles, Algebras},
  AUTHOR = {Haag, Rudolf},
  YEAR = {1966}, 
  PUBLISHER = {Springer-Verlag Berlin Heidelberg},
}


@article{GelNeu43,
      author         = "Gelfand, I. and Neumark, M.",
      title          = "{On the imbedding of normed rings into the ring of operators in Hilbert space}",
      journal       = "Rec. Math. [Mat. Sbornik] N.S.",
      year           = "{1943}",
	 volume    	= "12",
	 number = "{54}",
	 issue 			= "{2}",
	 pages	 		= "{197-217}",
}

@article{Segal47,
      author         = "Segal, I. E.",
      title          = "{Irreducible representations of operator algebras}",
      journal       = "{Bull. Amer. Math. Soc. }",
      year           = "{1947}",
	 volume    	= "{53}",
	 pages	 		= "{73-88}",
}

@article{haag55,
      author         = "Haag, R.",
      title          = "{On Quantum Field Theories}",
      journal       = "{Matematisk-fysiske Meddelelser}",
      year           = "{1955}",
	 volume    	= "{29}",
	 number = "{12}",
	 pages	 		= "{1-37}",
}

@article{dennett1991real,
  title={Real patterns},
  author={Dennett, Daniel C},
  journal={The Journal of Philosophy},
  volume={88},
  number={1},
  pages={27--51},
  year={1991}
}

@ARTICLE{2009arXiv0906.2718W,
   author = {{Wallace}, D.},
    title = "{How to prove the Born Rule}",
  journal = {ArXiv e-prints},
archivePrefix = "arXiv",
   eprint = {0906.2718},
 primaryClass = "quant-ph",
 keywords = {Quantum Physics},
     year = 2009,
    month = jun,
   adsurl = {http://adsabs.harvard.edu/abs/2009arXiv0906.2718W},
  adsnote = {Provided by the SAO/NASA Astrophysics Data System}
}

@article{Sebens:2014iwa,
      author         = "Sebens, Charles T. and Carroll, Sean M.",
      title          = "{Self-Locating Uncertainty and the Origin of Probability
                        in Everettian Quantum Mechanics}",
      journal       = "Brit. J. Phil. Sci.",
      year           = "2014",
      eprint         = "1405.7577",
      archivePrefix  = "arXiv",
      reportNumber   = "CALT-68-2928",
      SLACcitation   = "%%CITATION = ARXIV:1405.7577;%%"
}

@article{Carroll:2008yd,
      author         = "Carroll, Sean M.",
      title          = "{What if Time Really Exists?}",
      year           = "2008",
      url = {https://arxiv.org/abs/0811.3772},
      eprint         = "0811.3772",
      archivePrefix  = "arXiv",
      primaryClass   = "gr-qc",
      SLACcitation   = "%%CITATION = ARXIV:0811.3772;%%"
}

@article{Tegmark:2014kka,
      author         = "Tegmark, Max",
      title          = "{Consciousness as a State of Matter}",
      journal        = "Chaos Solitons Fractals",
      volume         = "76",
      year           = "2015",
      pages          = "238-270",
      doi            = "10.1016/j.chaos.2015.03.014",
      eprint         = "1401.1219",
      archivePrefix  = "arXiv",
      primaryClass   = "quant-ph",
      SLACcitation   = "%%CITATION = ARXIV:1401.1219;%%"
}

@article{Zurek:1981xq,
      author         = "Zurek, W. H.",
      title          = "{Pointer Basis of Quantum Apparatus: Into What Mixture
                        Does the Wave Packet Collapse?}",
      journal        = "Phys. Rev.",
      volume         = "D24",
      year           = "1981",
      pages          = "1516-1525",
      doi            = "10.1103/PhysRevD.24.1516",
      SLACcitation   = "%%CITATION = PHRVA,D24,1516;%%"
}

@article{Connes:1994hv,
      author         = "Connes, A. and Rovelli, Carlo",
      title          = "{Von Neumann algebra automorphisms and time thermodynamics relation in general covariant quantum theories}",
      journal        = "Class. Quant. Grav.",
      volume         = "11",
      year           = "1994",
      pages          = "2899-2918",
      doi            = "10.1088/0264-9381/11/12/007",
      eprint         = "gr-qc/9406019",
      archivePrefix  = "arXiv",
      primaryClass   = "gr-qc",
      SLACcitation   = "%%CITATION = GR-QC/9406019;%%"
}

@article{Albrecht:2007mm,
      author         = "Albrecht, Andreas and Iglesias, Alberto",
      title          = "{The Clock ambiguity and the emergence of physical laws}",
      journal        = "Phys. Rev.",
      volume         = "D77",
      year           = "2008",
      pages          = "063506",
      doi            = "10.1103/PhysRevD.77.063506",
      eprint         = "0708.2743",
      archivePrefix  = "arXiv",
      primaryClass   = "hep-th",
      SLACcitation   = "%%CITATION = ARXIV:0708.2743;%%"
}

@article{Harlow:2016vwg,
      author         = "Harlow, Daniel",
      title          = "{The Ryu-Takayanagi Formula from Quantum Error
                        Correction}",
      journal        = "Commun. Math. Phys.",
      volume         = "354",
      year           = "2017",
      number         = "3",
      pages          = "865-912",
      doi            = "10.1007/s00220-017-2904-z",
      eprint         = "1607.03901",
      archivePrefix  = "arXiv",
      primaryClass   = "hep-th",
      SLACcitation   = "%%CITATION = ARXIV:1607.03901;%%"
}
@article{Bao:2017rnv,
      author         = "Bao, Ning and Carroll, Sean M. and Singh, Ashmeet",
      title          = "{The Hilbert Space of Quantum Gravity Is Locally
                        Finite-Dimensional}",
      journal        = "Int. J. Mod. Phys.",
      volume         = "D26",
      year           = "2017",
      number         = "12",
      pages          = "1743013",
      doi            = "10.1142/S0218271817430131",
      eprint         = "1704.00066",
      archivePrefix  = "arXiv",
      reportNumber   = "CALT-TH-2017-17",
      SLACcitation   = "%%CITATION = ARXIV:1704.00066;%%"
}

@article{Cao:2017hrv,
    author = "Cao, ChunJun and Carroll, Sean M.",
    title = "{Bulk entanglement gravity without a boundary: Towards finding Einstein\textquoteright{}s equation in Hilbert space}",
    eprint = "1712.02803",
    archivePrefix = "arXiv",
    primaryClass = "hep-th",
    reportNumber = "CALT-TH-2017-069",
    doi = "10.1103/PhysRevD.97.086003",
    journal = "Phys. Rev. D",
    volume = "97",
    number = "8",
    pages = "086003",
    year = "2018"
}

@article{wallace2003everett,
  title={Everett and structure},
  author={Wallace, David},
  journal={Studies in History and Philosophy of Science Part B: Studies in History and Philosophy of Modern Physics},
  volume={34},
  number={1},
  pages={87--105},
  year={2003},
  publisher={Elsevier}
}

@misc{pittphilsci18772,
           month = {March},
           title = {The Everett interpretation: structure},
          author = {Simon Saunders},
            year = {2021},
            note = {To be published in The Routledge Companion to Philosophy of Physics, E. Knox and A. Wilson (eds.)},
             url = {http://philsci-archive.pitt.edu/18772/}
}

@article{Myrvold:2015vly,
    author = "Myrvold, Wayne C.",
    title = "{What is a wavefunction?}",
    doi = "10.1007/s11229-014-0635-7",
    journal = "Synthese",
    volume = "192",
    number = "10",
    pages = "3247--3274",
    year = "2015"
}

@article{Bekenstein:1980jp,
      author         = "Bekenstein, Jacob D.",
      title          = "{A Universal Upper Bound on the Entropy to Energy Ratio
                        for Bounded Systems}",
      journal        = "Phys. Rev.",
      volume         = "D23",
      year           = "1981",
      pages          = "287",
      reportNumber   = "NSF-ITP-80-38",
      SLACcitation   = "%%CITATION = PHRVA,D23,287;%%"
}

@article{PhysRevD.11.2088,
  title = {Quantum sine-Gordon equation as the massive Thirring model},
  author = {Coleman, Sidney},
  journal = {Phys. Rev. D},
  volume = {11},
  issue = {8},
  pages = {2088--2097},
  numpages = {0},
  year = {1975},
  month = {Apr},
  publisher = {American Physical Society},
  doi = {10.1103/PhysRevD.11.2088}
}

@article{Maldacena:1997re,
      author         = "Maldacena, Juan Martin",
      title          = "{The Large N limit of superconformal field theories and
                        supergravity}",
      journal        = "Int. J. Theor. Phys.",
      volume         = "38",
      year           = "1999",
      pages          = "1113-1133",
      doi            = "10.1023/A:1026654312961",
      eprint         = "hep-th/9711200",
      archivePrefix  = "arXiv",
      primaryClass   = "hep-th",
      reportNumber   = "HUTP-97-A097, HUTP-98-A097",
      SLACcitation   = "%%CITATION = HEP-TH/9711200;%%"
}


@article{Kabernik:2019jko,
    author = "Kabernik, Oleg and Pollack, Jason and Singh, Ashmeet",
    title = "{Quantum State Reduction: Generalized Bipartitions from Algebras of Observables}",
    eprint = "1909.12851",
    archivePrefix = "arXiv",
    primaryClass = "quant-ph",
    reportNumber = "CALT-TH-2019-36",
    doi = "10.1103/PhysRevA.101.032303",
    journal = "Phys. Rev. A",
    volume = "101",
    number = "3",
    pages = "032303",
    year = "2020"
}

@article{Hartle:2008mv,
    author = "Hartle, James B.",
    title = "{The Quasiclassical realms of this quantum universe}",
    eprint = "0806.3776",
    archivePrefix = "arXiv",
    primaryClass = "quant-ph",
    doi = "10.1007/s10701-010-9460-0",
    journal = "Found. Phys.",
    volume = "41",
    pages = "982--1006",
    year = "2011"
}

@article{Raasakka:2016uyk,
    author = "Raasakka, Matti",
    title = "{Spacetime-Free Approach to Quantum Theory and Effective Spacetime Structure}",
    eprint = "1605.03942",
    archivePrefix = "arXiv",
    primaryClass = "gr-qc",
    doi = "10.3842/SIGMA.2017.006",
    journal = "SIGMA",
    volume = "13",
    pages = "006",
    year = "2017"
}

@article{Nielsen:2014rfa,
      author         = "Nielsen, H. B. and Kleppe, Astri",
      title          = "{Towards a Derivation of Space}",
      booktitle      = "{Proceedings, 16th Workshop on What Comes Beyond the
                        Standard Models?}",
      journal        = "Bled Workshops Phys.",
      volume         = "14",
      year           = "2013",
      number         = "2",
      pages          = "171-196",
      eprint         = "1403.1410",
      archivePrefix  = "arXiv",
      primaryClass   = "hep-th",
      SLACcitation   = "%%CITATION = ARXIV:1403.1410;%%"
}

@article{brun1999classical,
  title={Classical dynamics of the quantum harmonic chain},
  author={Brun, Todd A and Hartle, James B},
  journal={Physical Review D},
  volume={60},
  number={12},
  pages={123503},
  year={1999},
  publisher={APS}
}


@article{Rovelli:2011eq,
      author         = "Rovelli, Carlo",
      title          = "{Zakopane lectures on loop gravity}",
      booktitle      = "{Proceedings, 3rd Quantum Geometry and Quantum Gravity
                        School}",
      journal        = "PoS",
      volume         = "QGQGS2011",
      year           = "2011",
      pages          = "003",
      eprint         = "1102.3660",
      archivePrefix  = "arXiv",
      primaryClass   = "gr-qc",
      SLACcitation   = "%%CITATION = ARXIV:1102.3660;%%"
}

@article{Konopka:2006hu,
      author         = "Konopka, Tomasz and Markopoulou, Fotini and Smolin, Lee",
      title          = "{Quantum Graphity}",
      year           = "2006",
      eprint         = "hep-th/0611197",
      archivePrefix  = "arXiv",
      primaryClass   = "hep-th",
      SLACcitation   = "%%CITATION = HEP-TH/0611197;%%"
}

@ARTICLE{Hayden:2016,
   author = {{Hayden}, P. and {Nezami}, S. and {Qi}, X.-L. and {Thomas}, N. and 
	{Walter}, M. and {Yang}, Z.},
    title = "{Holographic duality from random tensor networks}",
  journal = {ArXiv e-prints},
archivePrefix = "arXiv",
   eprint = {1601.01694},
 primaryClass = "hep-th",
 keywords = {High Energy Physics - Theory, Condensed Matter - Statistical Mechanics, Mathematical Physics, Quantum Physics},
     year = 2016,
    month = jan,
   adsurl = {http://adsabs.harvard.edu/abs/2016arXiv160101694H},
  adsnote = {Provided by the SAO/NASA Astrophysics Data System}
}

@ARTICLE{HaPPY:2015,
   author = {{Pastawski}, F. and {Yoshida}, B. and {Harlow}, D. and {Preskill}, J.
	},
    title = "{Holographic quantum error-correcting codes: toy models for the bulk/boundary correspondence}",
  journal = {Journal of High Energy Physics},
archivePrefix = "arXiv",
   eprint = {1503.06237},
 primaryClass = "hep-th",
 keywords = {AdS-CFT Correspondence, Lattice Integrable Models},
     year = 2015,
    month = jun,
   volume = 6,
      eid = {149},
    pages = {149},
      doi = {10.1007/JHEP06(2015)149},
   adsurl = {http://adsabs.harvard.edu/abs/2015JHEP...06..149P},
  adsnote = {Provided by the SAO/NASA Astrophysics Data System}
}


@ARTICLE{Swingle:2012,
   author = {{Swingle}, B.},
    title = "{Constructing holographic spacetimes using entanglement renormalization}",
  journal = {ArXiv e-prints},
archivePrefix = "arXiv",
   eprint = {1209.3304},
 primaryClass = "hep-th",
 keywords = {High Energy Physics - Theory, Condensed Matter - Strongly Correlated Electrons, Quantum Physics},
     year = 2012,
    month = sep,
   adsurl = {http://adsabs.harvard.edu/abs/2012arXiv1209.3304S},
  adsnote = {Provided by the SAO/NASA Astrophysics Data System}
}

@ARTICLE{Swingle:2009,
   author = {{Swingle}, B.},
    title = "{Entanglement renormalization and holography}",
  journal = {Phys. Rev. D},
archivePrefix = "arXiv",
   eprint = {0905.1317},
 primaryClass = "cond-mat.str-el",
 keywords = {Entanglement and quantum nonlocality, Entanglement production characterization and manipulation, Quantum aspects of black holes evaporation thermodynamics, Renormalization-group theory},
     year = 2012,
    month = sep,
   volume = 86,
   number = 6,
      eid = {065007},
    pages = {065007},
      doi = {10.1103/PhysRevD.86.065007},
   adsurl = {http://adsabs.harvard.edu/abs/2012PhRvD..86f5007S},
  adsnote = {Provided by the SAO/NASA Astrophysics Data System}
}

@ARTICLE{Orus:2014,
   author = {{Or{\'u}s}, R.},
    title = "{A practical introduction to tensor networks: Matrix product states and projected entangled pair states}",
  journal = {Annals of Physics},
archivePrefix = "arXiv",
   eprint = {1306.2164},
 primaryClass = "cond-mat.str-el",
     year = 2014,
    month = oct,
   volume = 349,
    pages = {117-158},
      doi = {10.1016/j.aop.2014.06.013},
   adsurl = {http://adsabs.harvard.edu/abs/2014AnPhy.349..117O},
  adsnote = {Provided by the SAO/NASA Astrophysics Data System}
}



@ARTICLE{Kitaev97,
   author = {{Kitaev}, A.~Y.},
    title = "{Fault-tolerant quantum computation by anyons}",
  journal = {Annals of Physics},
   eprint = {quant-ph/9707021},
     year = 2003,
    month = jan,
   volume = 303,
    pages = {2-30},
      doi = {10.1016/S0003-4916(02)00018-0},
   adsurl = {http://adsabs.harvard.edu/abs/2003AnPhy.303....2K},
  adsnote = {Provided by the SAO/NASA Astrophysics Data System}
}



@article{Collins:2004bp,
      author         = "Collins, John and Perez, Alejandro and Sudarsky, Daniel
                        and Urrutia, Luis and Vucetich, Hector",
      title          = "{Lorentz invariance and quantum gravity: an additional
                        fine-tuning problem?}",
      journal        = "Phys. Rev. Lett.",
      volume         = "93",
      year           = "2004",
      pages          = "191301",
      doi            = "10.1103/PhysRevLett.93.191301",
      eprint         = "gr-qc/0403053",
      archivePrefix  = "arXiv",
      primaryClass   = "gr-qc",
      SLACcitation   = "%%CITATION = GR-QC/0403053;%%"
}

@article{Cooperman:2013iqr,
      author         = "Cooperman, Joshua H. and Luty, Markus A.",
      title          = "{Renormalization of Entanglement Entropy and the
                        Gravitational Effective Action}",
      journal        = "JHEP",
      volume         = "12",
      year           = "2014",
      pages          = "045",
      doi            = "10.1007/JHEP12(2014)045",
      eprint         = "1302.1878",
      archivePrefix  = "arXiv",
      primaryClass   = "hep-th",
      SLACcitation   = "%%CITATION = ARXIV:1302.1878;%%"
}

@article{Myers:2013lva,
      author         = "Myers, Robert C. and Pourhasan, Razieh and Smolkin,
                        Michael",
      title          = "{On Spacetime Entanglement}",
      journal        = "JHEP",
      volume         = "06",
      year           = "2013",
      pages          = "013",
      doi            = "10.1007/JHEP06(2013)013",
      eprint         = "1304.2030",
      archivePrefix  = "arXiv",
      primaryClass   = "hep-th",
      SLACcitation   = "%%CITATION = ARXIV:1304.2030;%%"
}

@article{Faulkner:2013ana,
      author         = "Faulkner, Thomas and Lewkowycz, Aitor and Maldacena,
                        Juan",
      title          = "{Quantum corrections to holographic entanglement
                        entropy}",
      journal        = "JHEP",
      volume         = "11",
      year           = "2013",
      pages          = "074",
      doi            = "10.1007/JHEP11(2013)074",
      eprint         = "1307.2892",
      archivePrefix  = "arXiv",
      primaryClass   = "hep-th",
      SLACcitation   = "%%CITATION = ARXIV:1307.2892;%%"
}
@article{Hubeny:2007xt,
      author         = "Hubeny, Veronika E. and Rangamani, Mukund and Takayanagi,
                        Tadashi",
      title          = "{A Covariant holographic entanglement entropy proposal}",
      journal        = "JHEP",
      volume         = "07",
      year           = "2007",
      pages          = "062",
      doi            = "10.1088/1126-6708/2007/07/062",
      eprint         = "0705.0016",
      archivePrefix  = "arXiv",
      primaryClass   = "hep-th",
      reportNumber   = "DCPT-07-13, KUNS-2069",
      SLACcitation   = "%%CITATION = ARXIV:0705.0016;%%"
}

@article{Casini:2008cr,
      author         = "Casini, H.",
      title          = "{Relative entropy and the Bekenstein bound}",
      journal        = "Class. Quant. Grav.",
      volume         = "25",
      year           = "2008",
      pages          = "205021",
      doi            = "10.1088/0264-9381/25/20/205021",
      eprint         = "0804.2182",
      archivePrefix  = "arXiv",
      primaryClass   = "hep-th",
      SLACcitation   = "%%CITATION = ARXIV:0804.2182;%%"
}

@article{Strominger:2003br,
      author         = "Strominger, Andrew and Thompson, David Mattoon",
      title          = "{A Quantum Bousso bound}",
      journal        = "Phys. Rev.",
      volume         = "D70",
      year           = "2004",
      pages          = "044007",
      doi            = "10.1103/PhysRevD.70.044007",
      eprint         = "hep-th/0303067",
      archivePrefix  = "arXiv",
      primaryClass   = "hep-th",
      SLACcitation   = "%%CITATION = HEP-TH/0303067;%%"
}

@article{Bousso:2014sda,
      author         = "Bousso, Raphael and Casini, Horacio and Fisher, Zachary
                        and Maldacena, Juan",
      title          = "{Proof of a Quantum Bousso Bound}",
      journal        = "Phys. Rev.",
      volume         = "D90",
      year           = "2014",
      number         = "4",
      pages          = "044002",
      doi            = "10.1103/PhysRevD.90.044002",
      eprint         = "1404.5635",
      archivePrefix  = "arXiv",
      primaryClass   = "hep-th",
      SLACcitation   = "%%CITATION = ARXIV:1404.5635;%%"
}

@article{Bousso:2014uxa,
      author         = "Bousso, Raphael and Casini, Horacio and Fisher, Zachary
                        and Maldacena, Juan",
      title          = "{Entropy on a null surface for interacting quantum field
                        theories and the Bousso bound}",
      journal        = "Phys. Rev.",
      volume         = "D91",
      year           = "2015",
      number         = "8",
      pages          = "084030",
      doi            = "10.1103/PhysRevD.91.084030",
      eprint         = "1406.4545",
      archivePrefix  = "arXiv",
      primaryClass   = "hep-th",
      SLACcitation   = "%%CITATION = ARXIV:1406.4545;%%"
}

@article{Bousso:1999xy,
      author         = "Bousso, Raphael",
      title          = "{A Covariant entropy conjecture}",
      journal        = "JHEP",
      volume         = "07",
      year           = "1999",
      pages          = "004",
      doi            = "10.1088/1126-6708/1999/07/004",
      eprint         = "hep-th/9905177",
      archivePrefix  = "arXiv",
      primaryClass   = "hep-th",
      reportNumber   = "SU-ITP-99-23",
      SLACcitation   = "%%CITATION = HEP-TH/9905177;%%"
}

@article{Bekenstein:1993dz,
      author         = "Bekenstein, Jacob D.",
      title          = "{Entropy bounds and black hole remnants}",
      booktitle      = "{Quantum Aspects of Black Holes Santa Barbara,
                        California, June 21-26, 1993}",
      journal        = "Phys. Rev.",
      volume         = "D49",
      year           = "1994",
      pages          = "1912-1921",
      doi            = "10.1103/PhysRevD.49.1912",
      eprint         = "gr-qc/9307035",
      archivePrefix  = "arXiv",
      primaryClass   = "gr-qc",
      reportNumber   = "UCSBTH-93-23, C93-06-21.3",
      SLACcitation   = "%%CITATION = GR-QC/9307035;%%"
}

@inproceedings{'tHooft:1993gx,
      author         = "'t Hooft, Gerard",
      title          = "{Dimensional reduction in quantum gravity}",
      booktitle      = "{Salamfest 1993:0284-296}",
      year           = "1993",
      pages          = "0284-296",
      eprint         = "gr-qc/9310026",
      archivePrefix  = "arXiv",
      primaryClass   = "gr-qc",
      reportNumber   = "THU-93-26",
      SLACcitation   = "%%CITATION = GR-QC/9310026;%%"
}

@article{Susskind:1994vu,
      author         = "Susskind, Leonard",
      title          = "{The World as a hologram}",
      journal        = "J. Math. Phys.",
      volume         = "36",
      year           = "1995",
      pages          = "6377-6396",
      doi            = "10.1063/1.531249",
      eprint         = "hep-th/9409089",
      archivePrefix  = "arXiv",
      primaryClass   = "hep-th",
      reportNumber   = "SU-ITP-94-33",
      SLACcitation   = "%%CITATION = HEP-TH/9409089;%%"
}

@article{Bombelli:1986rw,
      author         = "Bombelli, Luca and Koul, Rabinder K. and Lee, Joohan and
                        Sorkin, Rafael D.",
      title          = "{A Quantum Source of Entropy for Black Holes}",
      journal        = "Phys. Rev.",
      volume         = "D34",
      year           = "1986",
      pages          = "373-383",
      doi            = "10.1103/PhysRevD.34.373",
      reportNumber   = "PRINT-86-0371 (SYRACUSE)",
      SLACcitation   = "%%CITATION = PHRVA,D34,373;%%"
}

@article{Srednicki:1993im,
      author         = "Srednicki, Mark",
      title          = "{Entropy and area}",
      journal        = "Phys. Rev. Lett.",
      volume         = "71",
      year           = "1993",
      pages          = "666-669",
      doi            = "10.1103/PhysRevLett.71.666",
      eprint         = "hep-th/9303048",
      archivePrefix  = "arXiv",
      primaryClass   = "hep-th",
      reportNumber   = "LBL-33754, CFPA-93-02",
      SLACcitation   = "%%CITATION = HEP-TH/9303048;%%"
}

@article{Ryu:2006bv,
      author         = "Ryu, Shinsei and Takayanagi, Tadashi",
      title          = "{Holographic derivation of entanglement entropy from
                        AdS/CFT}",
      journal        = "Phys. Rev. Lett.",
      volume         = "96",
      year           = "2006",
      pages          = "181602",
      doi            = "10.1103/PhysRevLett.96.181602",
      eprint         = "hep-th/0603001",
      archivePrefix  = "arXiv",
      primaryClass   = "hep-th",
      reportNumber   = "NSF-KITP-06-11",
      SLACcitation   = "%%CITATION = HEP-TH/0603001;%%"
}

@article{Jacobson:2012yt,
      author         = "Jacobson, Ted",
      title          = "{Gravitation and vacuum entanglement entropy}",
      journal        = "Int. J. Mod. Phys.",
      volume         = "D21",
      year           = "2012",
      pages          = "1242006",
      doi            = "10.1142/S0218271812420060",
      eprint         = "1204.6349",
      archivePrefix  = "arXiv",
      primaryClass   = "gr-qc",
      SLACcitation   = "%%CITATION = ARXIV:1204.6349;%%"
}

@article{Lloyd:2012du,
      author         = "Lloyd, Seth",
      title          = "{The quantum geometric limit}",
      year           = "2012",
      eprint         = "1206.6559",
      archivePrefix  = "arXiv",
      primaryClass   = "gr-qc",
      SLACcitation   = "%%CITATION = ARXIV:1206.6559;%%"
}

@article{Eisert:2008ur,
      author         = "Eisert, J. and Cramer, M. and Plenio, M. B.",
      title          = "{Area laws for the entanglement entropy - a review}",
      journal        = "Rev. Mod. Phys.",
      volume         = "82",
      year           = "2010",
      pages          = "277-306",
      doi            = "10.1103/RevModPhys.82.277",
      eprint         = "0808.3773",
      archivePrefix  = "arXiv",
      primaryClass   = "quant-ph",
      SLACcitation   = "%%CITATION = ARXIV:0808.3773;%%"
}

@article{Carroll:2016lku,
      author         = "Carroll, Sean M. and Remmen, Grant N.",
      title          = "{What is the Entropy in Entropic Gravity?}",
      year           = "2016",
      eprint         = "1601.07558",
      archivePrefix  = "arXiv",
      primaryClass   = "hep-th",
      reportNumber   = "CALT-TH-2015-038",
      SLACcitation   = "%%CITATION = ARXIV:1601.07558;%%"
}

@article{Casini:2016rwj,
      author         = "Casini, Horacio and Galante, Damian A. and Myers, Robert
                        C.",
      title          = "{Comments on Jacobson’s “entanglement equilibrium and
                        the Einstein equation”}",
      journal        = "JHEP",
      volume         = "03",
      year           = "2016",
      pages          = "194",
      doi            = "10.1007/JHEP03(2016)194",
      eprint         = "1601.00528",
      archivePrefix  = "arXiv",
      primaryClass   = "hep-th",
      SLACcitation   = "%%CITATION = ARXIV:1601.00528;%%"
}

@article{Bianchi:2012ev,
      author         = "Bianchi, Eugenio and Myers, Robert C.",
      title          = "{On the Architecture of Spacetime Geometry}",
      journal        = "Class. Quant. Grav.",
      volume         = "31",
      year           = "2014",
      pages          = "214002",
      doi            = "10.1088/0264-9381/31/21/214002",
      eprint         = "1212.5183",
      archivePrefix  = "arXiv",
      primaryClass   = "hep-th",
      reportNumber   = "PI-QG-312",
      SLACcitation   = "%%CITATION = ARXIV:1212.5183;%%"
}

@ARTICLE{Hamma05,
   author = {{Hamma}, A. and {Ionicioiu}, R. and {Zanardi}, P.},
    title = "{Bipartite entanglement and entropic boundary law in lattice spin systems}",
  journal = {\pra},
   eprint = {quant-ph/0409073},
 keywords = {Entanglement production characterization and manipulation, Entanglement and quantum nonlocality, Lattice theory and statistics},
     year = 2005,
    month = feb,
   volume = 71,
   number = 2,
      eid = {022315},
    pages = {022315},
      doi = {10.1103/PhysRevA.71.022315},
   adsurl = {http://adsabs.harvard.edu/abs/2005PhRvA..71b2315H},
  adsnote = {Provided by the SAO/NASA Astrophysics Data System}
}

@article{Zanardi:2004zz,
    author = "Zanardi, Paolo and Lidar, Daniel A. and Lloyd, Seth",
    title = "{Quantum tensor product structures are observable induced}",
    eprint = "quant-ph/0308043",
    archivePrefix = "arXiv",
    doi = "10.1103/PhysRevLett.92.060402",
    journal = "Phys. Rev. Lett.",
    volume = "92",
    pages = "060402",
    year = "2004"
}

@ARTICLE{Bruschi,
   author = {{Bruschi}, D.~E.},
    title = "{On the weight of entanglement}",
  journal = {ArXiv e-prints},
archivePrefix = "arXiv",
   eprint = {1412.4007},
 primaryClass = "quant-ph",
 keywords = {Quantum Physics, General Relativity and Quantum Cosmology},
     year = 2014,
    month = dec,
   adsurl = {http://adsabs.harvard.edu/abs/2014arXiv1412.4007B},
  adsnote = {Provided by the SAO/NASA Astrophysics Data System}
}

@ARTICLE{arealawcone,
   author = {{Bao}, N. and {Cao}, C. and {Walter}, M. and {Wang}, Z.},
    title = "{Holographic entropy inequalities and gapped phases of matter}",
  journal = {ArXiv e-prints},
archivePrefix = "arXiv",
   eprint = {1507.05650},
 primaryClass = "hep-th",
 keywords = {High Energy Physics - Theory, Condensed Matter - Strongly Correlated Electrons, Quantum Physics},
     year = 2015,
    month = jul,
   adsurl = {http://adsabs.harvard.edu/abs/2015arXiv150705650B},
  adsnote = {Provided by the SAO/NASA Astrophysics Data System}
}

@article{Jacobson:2015hqa,
      author         = "Jacobson, Ted",
      title          = "{Entanglement Equilibrium and the Einstein Equation}",
      journal        = "Phys. Rev. Lett.",
      volume         = "116",
      year           = "2016",
      number         = "20",
      pages          = "201101",
      doi            = "10.1103/PhysRevLett.116.201101",
      eprint         = "1505.04753",
      archivePrefix  = "arXiv",
      primaryClass   = "gr-qc",
      SLACcitation   = "%%CITATION = ARXIV:1505.04753;%%"
}


@ARTICLE{holocone,
   author = {{Bao}, N. and {Nezami}, S. and {Ooguri}, H. and {Stoica}, B. and 
	{Sully}, J. and {Walter}, M.},
    title = "{The Holographic Entropy Cone}",
  journal = {ArXiv e-prints},
archivePrefix = "arXiv",
   eprint = {1505.07839},
 primaryClass = "hep-th",
 keywords = {High Energy Physics - Theory, Mathematical Physics, Quantum Physics},
     year = 2015,
    month = may,
   adsurl = {http://adsabs.harvard.edu/abs/2015arXiv150507839B},
  adsnote = {Provided by the SAO/NASA Astrophysics Data System}
}

@article{Liberati:2013xla,
    author = "Liberati, Stefano",
    title = "{Tests of Lorentz invariance: a 2013 update}",
    eprint = "1304.5795",
    archivePrefix = "arXiv",
    primaryClass = "gr-qc",
    doi = "10.1088/0264-9381/30/13/133001",
    journal = "Class. Quant. Grav.",
    volume = "30",
    pages = "133001",
    year = "2013"
}

@ARTICLE{er-eprms,
   author = {{Maldacena}, J. and {Susskind}, L.},
    title = "{Cool horizons for entangled black holes}",
  journal = {Fortschritte der Physik},
archivePrefix = "arXiv",
   eprint = {1306.0533},
 primaryClass = "hep-th",
     year = 2013,
    month = sep,
   volume = 61,
    pages = {781-811},
      doi = {10.1002/prop.201300020},
   adsurl = {http://adsabs.harvard.edu/abs/2013ForPh..61..781M},
  adsnote = {Provided by the SAO/NASA Astrophysics Data System}
}

@ARTICLE{quantumHall,
   author = {{Rodr{\'{\i}}guez}, I.~D. and {Sierra}, G.},
    title = "{Entanglement entropy of integer quantum Hall states in polygonal domains}",
  journal = {Journal of Statistical Mechanics: Theory and Experiment},
archivePrefix = "arXiv",
   eprint = {1007.5356},
 primaryClass = "cond-mat.str-el",
     year = 2010,
    month = dec,
   volume = 12,
    pages = {33},
      doi = {10.1088/1742-5468/2010/12/P12033},
   adsurl = {http://adsabs.harvard.edu/abs/2010JSMTE..12..033R},
  adsnote = {Provided by the SAO/NASA Astrophysics Data System}
}

@book{wallace2012emergent,
  title={The emergent multiverse: Quantum theory according to the Everett interpretation},
  author={Wallace, David},
  year={2012},
  publisher={Oxford University Press}
}

@article{Joos:1984uk,
    author = "Joos, E. and Zeh, H. D.",
    title = "{The Emergence of classical properties through interaction with the environment}",
    doi = "10.1007/BF01725541",
    journal = "Z. Phys. B",
    volume = "59",
    pages = "223--243",
    year = "1985"
}

@article{Zurek:1994zq,
  title={Preferred states, predictability, classicality and the environment-induced decoherence},
  author={Zurek, Wojciech H},
  journal={Progress of Theoretical Physics},
  volume={89},
  number={2},
  pages={281--312},
  year={1993},
  publisher={Oxford University Press}
}

@ARTICLE{riedel2012,
       author = {{Riedel}, Jess C. and {Zurek}, Wojciech H. and {Zwolak}, Michael},
        title = "{The rise and fall of redundancy in decoherence and quantum Darwinism}",
      journal = {New Journal of Physics},
     keywords = {Quantum Physics},
         year = "2012",
        month = "Aug",
       volume = {14},
       number = {8},
          eid = {083010},
        pages = {083010},
          doi = {10.1088/1367-2630/14/8/083010},
archivePrefix = {arXiv},
       eprint = {1205.3197},
 primaryClass = {quant-ph},
       adsurl = {https://ui.adsabs.harvard.edu/abs/2012NJPh...14h3010J},
      adsnote = {Provided by the SAO/NASA Astrophysics Data System}
}

@article{Carroll:2021yum,
    author = "Carroll, Sean M.",
    title = "{The Quantum Field Theory on Which the Everyday World Supervenes}",
   url = {https://arxiv.org/abs/2101.07884},
    eprint = "2101.07884",
    archivePrefix = "arXiv",
    primaryClass = "physics.hist-ph",
    reportNumber = "CALT 2021-005",
    month = "1",
    year = "2021"
}

@ARTICLE{er-eprmvr,
   author = {{van Raamsdonk}, M.},
    title = "{Building up spacetime with quantum entanglement}",
  journal = {General Relativity and Gravitation},
archivePrefix = "arXiv",
   eprint = {1005.3035},
 primaryClass = "hep-th",
 keywords = {AdS/CFT, Emergent spacetime, Quantum entanglement},
     year = 2010,
    month = oct,
   volume = 42,
    pages = {2323-2329},
      doi = {10.1007/s10714-010-1034-0},
   adsurl = {http://adsabs.harvard.edu/abs/2010GReGr..42.2323V},
  adsnote = {Provided by the SAO/NASA Astrophysics Data System}
}

@ARTICLE{er-eprfluxtube,
   author = {{Jensen}, K. and {Karch}, A.},
    title = "{The holographic dual of an EPR pair has a wormhole}",
  journal = {ArXiv e-prints},
archivePrefix = "arXiv",
   eprint = {1307.1132},
 primaryClass = "hep-th",
 keywords = {High Energy Physics - Theory},
     year = 2013,
    month = jul,
   adsurl = {http://adsabs.harvard.edu/abs/2013arXiv1307.1132J},
  adsnote = {Provided by the SAO/NASA Astrophysics Data System}
}


@ARTICLE{graventanglement1,
   author = {{Faulkner}, T. and {Guica}, M. and {Hartman}, T. and {Myers}, R.~C. and 
	{Van Raamsdonk}, M.},
    title = "{Gravitation from entanglement in holographic CFTs}",
  journal = {Journal of High Energy Physics},
archivePrefix = "arXiv",
   eprint = {1312.7856},
 primaryClass = "hep-th",
 keywords = {Gauge-gravity correspondence, AdS-CFT Correspondence},
     year = 2014,
    month = mar,
   volume = 3,
      eid = {51},
    pages = {51},
      doi = {10.1007/JHEP03(2014)051},
   adsurl = {http://adsabs.harvard.edu/abs/2014JHEP...03..051F},
  adsnote = {Provided by the SAO/NASA Astrophysics Data System}
}
@ARTICLE{graventanglement2,
   author = {{Swingle}, B. and {Van Raamsdonk}, M.},
    title = "{Universality of Gravity from Entanglement}",
  journal = {ArXiv e-prints},
archivePrefix = "arXiv",
   eprint = {1405.2933},
 primaryClass = "hep-th",
 keywords = {High Energy Physics - Theory, General Relativity and Quantum Cosmology},
     year = 2014,
    month = may,
   adsurl = {http://adsabs.harvard.edu/abs/2014arXiv1405.2933S},
  adsnote = {Provided by the SAO/NASA Astrophysics Data System}
}
@ARTICLE{graventanglement3,
   author = {{Lin}, J. and {Marcolli}, M. and {Ooguri}, H. and {Stoica}, B.
	},
    title = "{Tomography from Entanglement}",
  journal = {ArXiv e-prints},
archivePrefix = "arXiv",
   eprint = {1412.1879},
 primaryClass = "hep-th",
 keywords = {High Energy Physics - Theory},
     year = 2014,
    month = dec,
   adsurl = {http://adsabs.harvard.edu/abs/2014arXiv1412.1879L},
  adsnote = {Provided by the SAO/NASA Astrophysics Data System}
}

@ARTICLE{adscft,
   author = {{Maldacena}, J.},
    title = "{The Large-N Limit of Superconformal Field Theories and Supergravity}",
  journal = {International Journal of Theoretical Physics},
   eprint = {hep-th/9711200},
     year = 1999,
   volume = 38,
    pages = {1113-1133},
      doi = {10.1023/A:1026654312961},
   adsurl = {http://adsabs.harvard.edu/abs/1999IJTP...38.1113M},
  adsnote = {Provided by the SAO/NASA Astrophysics Data System}
}


@ARTICLE{magoo,
   author = {{Aharony}, O. and {Gubser}, S.~S. and {Maldacena}, J. and {Ooguri}, H. and 
	{Oz}, Y.},
    title = "{Large N field theories, string theory and gravity}",
  journal = {Physics Reports},
   eprint = {hep-th/9905111},
     year = 2000,
    month = jan,
   volume = 323,
    pages = {183-386},
      doi = {10.1016/S0370-1573(99)00083-6},
   adsurl = {http://adsabs.harvard.edu/abs/2000PhR...323..183A},
  adsnote = {Provided by the SAO/NASA Astrophysics Data System}
}

@ARTICLE{jacobson95,
   author = {{Jacobson}, T.},
    title = "{Thermodynamics of Spacetime: The Einstein Equation of State}",
  journal = {Physical Review Letters},
   eprint = {gr-qc/9504004},
     year = 1995,
    month = aug,
   volume = 75,
    pages = {1260-1263},
      doi = {10.1103/PhysRevLett.75.1260},
   adsurl = {http://adsabs.harvard.edu/abs/1995PhRvL..75.1260J},
  adsnote = {Provided by the SAO/NASA Astrophysics Data System}
}

@article{Faulkner:2013ica,
    author = "Faulkner, Thomas and Guica, Monica and Hartman, Thomas and Myers, Robert C. and Van Raamsdonk, Mark",
    title = "{Gravitation from Entanglement in Holographic CFTs}",
    eprint = "1312.7856",
    archivePrefix = "arXiv",
    primaryClass = "hep-th",
    doi = "10.1007/JHEP03(2014)051",
    journal = "JHEP",
    volume = "03",
    pages = "051",
    year = "2014"
}

@ARTICLE{tth,
   author = {{Connes}, A. and {Rovelli}, C.},
    title = "{Von Neumann algebra automorphisms and time-thermodynamics relation in generally covariant quantum theories}",
  journal = {Classical and Quantum Gravity},
   eprint = {gr-qc/9406019},
     year = 1994,
    month = dec,
   volume = 11,
    pages = {2899-2917},
      doi = {10.1088/0264-9381/11/12/007},
   adsurl = {http://adsabs.harvard.edu/abs/1994CQGra..11.2899C},
  adsnote = {Provided by the SAO/NASA Astrophysics Data System}
}


@ARTICLE{qi,
   author = {{Qi}, X.-L.},
    title = "{Exact holographic mapping and emergent space-time geometry}",
  journal = {ArXiv e-prints},
archivePrefix = "arXiv",
   eprint = {1309.6282},
 primaryClass = "hep-th",
 keywords = {High Energy Physics - Theory, Condensed Matter - Strongly Correlated Electrons, Quantum Physics},
     year = 2013,
    month = sep,
   adsurl = {http://adsabs.harvard.edu/abs/2013arXiv1309.6282Q},
  adsnote = {Provided by the SAO/NASA Astrophysics Data System}
}

@ARTICLE{wolf,
   author = {{Wolf}, M.~M. and {Verstraete}, F. and {Hastings}, M.~B. and 
	{Cirac}, J.~I.},
    title = "{Area Laws in Quantum Systems: Mutual Information and Correlations}",
  journal = {Physical Review Letters},
archivePrefix = "arXiv",
   eprint = {0704.3906},
 primaryClass = "quant-ph",
 keywords = {Entanglement production characterization and manipulation, Quantum aspects of black holes evaporation thermodynamics, Quantum statistical mechanics},
     year = 2008,
    month = feb,
   volume = 100,
   number = 7,
      eid = {070502},
    pages = {070502},
      doi = {10.1103/PhysRevLett.100.070502},
   adsurl = {http://adsabs.harvard.edu/abs/2008PhRvL.100g0502W},
  adsnote = {Provided by the SAO/NASA Astrophysics Data System}
}
@ARTICLE{tensorandgeometry,
   author = {{Evenbly}, G. and {Vidal}, G.},
    title = "{Tensor Network States and Geometry}",
  journal = {Journal of Statistical Physics},
archivePrefix = "arXiv",
   eprint = {1106.1082},
 primaryClass = "quant-ph",
 keywords = {Quantum many-body, Tensor network states, Entanglement, Matrix product state, Multiscale entanglement renormalization ansatz},
     year = 2011,
    month = nov,
   volume = 145,
    pages = {891-918},
      doi = {10.1007/s10955-011-0237-4},
   adsurl = {http://adsabs.harvard.edu/abs/2011JSP...145..891E},
  adsnote = {Provided by the SAO/NASA Astrophysics Data System}
}
@ARTICLE{cmds,
   author = {{Kruscal}, J.B. and {Wish}, M.},
    title = "{Multidimensional Scaling}",
  journal = {Sage University Paper series on Quantitative Application in the Social Sciences},
     year = 1978,
   volume = 07,
    pages = {011},
}

@book{mdsbook,
  added-at = {2008-01-07T11:06:22.000+0100},
  author = {Borg, I. and Groenen, P.J.F.},
  biburl = {http://www.bibsonomy.org/bibtex/2b9360235f054e3b2ff0e4b4a0c63b4eb/tmalsburg},
  interhash = {43d65ae9bb296e8b9f145d6b685c94fc},
  intrahash = {b9360235f054e3b2ff0e4b4a0c63b4eb},
  keywords = {dimensionalityreduction mds method statistics},
  publisher = {Springer},
  timestamp = {2008-01-07T11:06:22.000+0100},
  title = {{Modern Multidimensional Scaling: Theory and Applications}},
  year = 2005
}

@article{gmds,
    abstract = {{An efficient algorithm for isometry-invariant matching of surfaces is presented. The key idea is computing the minimum-distortion mapping between two surfaces. For this purpose, we introduce the generalized multidimensional scaling, a computationally efficient continuous optimization algorithm for finding the least distortion embedding of one surface into another. The generalized multidimensional scaling algorithm allows for both full and partial surface matching. As an example, it is applied to the problem of expression-invariant three-dimensional face recognition.}},
    author = {Bronstein, Alexander M. and Bronstein, Michael M. and Kimmel, Ron},
    citeulike-article-id = {2234588},
    citeulike-linkout-0 = {http://www.pubmedcentral.nih.gov/articlerender.fcgi?artid=1360551},
    journal = {Proceedings of the National Academy of Science},
    keywords = {multidimensional\_scaling, normalization, partial\_matching, shape, shape\_matching},
    pages = {1168--1172},
    posted-at = {2008-01-15 10:51:42},
    priority = {0},
    title = {{Generalized multidimensional scaling: A framework for isometry-invariant partial surface matching}},
    url = {http://www.pubmedcentral.nih.gov/articlerender.fcgi?artid=1360551},
    year = {2006}
}


@inproceedings{walter,
 author = {Walter, J.A. and Ritter, H.},
 title = {On Interactive Visualization of High-dimensional Data Using the Hyperbolic Plane},
 booktitle = {Proceedings of the Eighth ACM SIGKDD International Conference on Knowledge Discovery and Data Mining},
 series = {KDD '02},
 year = {2002},
 isbn = {1-58113-567-X},
 location = {Edmonton, Alberta, Canada},
 pages = {123--132},
 numpages = {10},
 url = {http://doi.acm.org/10.1145/775047.775065},
 doi = {10.1145/775047.775065},
 acmid = {775065},
 publisher = {ACM},
 address = {New York, NY, USA},
 keywords = {H-MDS, focus+context, hyperbolic multi-dimensional scaling, infoViz, semantic browsing, text mining, visualizing high-dimensional data},
} 

@article{regge,
year={1961},
journal={Il Nuovo Cimento (1955-1965)},
volume={19},
number={3},
doi={10.1007/BF02733251},
title={General relativity without coordinates},
url={http://dx.doi.org/10.1007/BF02733251},
publisher={Società Italiana di Fisica},
author={Regge, T.},
pages={558-571},
language={English}
}


@ARTICLE{relativeentropyandholography,
   author = {{Blanco}, D.~D. and {Casini}, H. and {Hung}, L.-Y. and {Myers}, R.~C.
	},
    title = "{Relative entropy and holography}",
  journal = {Journal of High Energy Physics},
archivePrefix = "arXiv",
   eprint = {1305.3182},
 primaryClass = "hep-th",
 keywords = {AdS-CFT Correspondence, Black Holes, Holography and condensed matter physics (AdS/CMT)},
     year = 2013,
    month = aug,
   volume = 8,
      eid = {60},
    pages = {60},
      doi = {10.1007/JHEP08(2013)060},
   adsurl = {http://adsabs.harvard.edu/abs/2013JHEP...08..060B},
  adsnote = {Provided by the SAO/NASA Astrophysics Data System}
}
@ARTICLE{mera,
   author = {{Vidal}, G.},
    title = "{Class of Quantum Many-Body States That Can Be Efficiently Simulated}",
  journal = {Physical Review Letters},
   eprint = {quant-ph/0610099},
 keywords = {Quantum computation, Entanglement and quantum nonlocality, Quantum communication},
     year = 2008,
    month = sep,
   volume = 101,
   number = 11,
      eid = {110501},
    pages = {110501},
      doi = {10.1103/PhysRevLett.101.110501},
   adsurl = {http://adsabs.harvard.edu/abs/2008PhRvL.101k0501V},
  adsnote = {Provided by the SAO/NASA Astrophysics Data System}
}

@ARTICLE{cmera,
   author = {{Haegeman}, J. and {Osborne}, T.~J. and {Verschelde}, H. and 
	{Verstraete}, F.},
    title = "{Entanglement Renormalization for Quantum Fields in Real Space}",
  journal = {Physical Review Letters},
archivePrefix = "arXiv",
   eprint = {1102.5524},
 primaryClass = "hep-th",
 keywords = {Entanglement and quantum nonlocality, Entanglement production characterization and manipulation, Field theories in dimensions other than four, Gauge/string duality},
     year = 2013,
    month = mar,
   volume = 110,
   number = 10,
      eid = {100402},
    pages = {100402},
      doi = {10.1103/PhysRevLett.110.100402},
   adsurl = {http://adsabs.harvard.edu/abs/2013PhRvL.110j0402H},
  adsnote = {Provided by the SAO/NASA Astrophysics Data System}
}

@ARTICLE{hastings,
   author = {{Hastings}, M.~B. and {Koma}, T.},
    title = "{Spectral Gap and Exponential Decay of Correlations}",
  journal = {Communications in Mathematical Physics},
   eprint = {math-ph/0507008},
     year = 2006,
    month = aug,
   volume = 265,
    pages = {781-804},
      doi = {10.1007/s00220-006-0030-4},
   adsurl = {http://adsabs.harvard.edu/abs/2006CMaPh.265..781H},
  adsnote = {Provided by the SAO/NASA Astrophysics Data System}
}
@article{fredenhagen1985,
author = "Fredenhagen, Klaus",
fjournal = "Communications in Mathematical Physics",
journal = "Comm. Math. Phys.",
number = "1-2",
pages = "79--89",
publisher = "Springer",
title = "On the modular structure of local algebras of observables",
url = "http://projecteuclid.org/euclid.cmp/1103941979",
volume = "97",
year = "1985"
}

@article{morgan74,
year={1974},
issn={0047-2468},
journal={Journal of Geometry},
volume={5},
number={1},
doi={10.1007/BF01954540},
title={Embedding metric spaces in Euclidean space},
url={http://dx.doi.org/10.1007/BF01954540},
publisher={Birkhäuser-Verlag},
author={Morgan, C.L.},
pages={101-107},
language={English}
}

@article{SorensenAffleck94,
  title = {Equal-time correlations in Haldane-gap antiferromagnets},
  author = {So/rensen, Erik S. and Affleck, Ian},
  journal = {Phys. Rev. B},
  volume = {49},
  issue = {22},
  pages = {15771--15788},
  numpages = {0},
  year = {1994},
  month = {Jun},
  publisher = {American Physical Society},
  doi = {10.1103/PhysRevB.49.15771},
  url = {http://link.aps.org/doi/10.1103/PhysRevB.49.15771}
}

@article{Kimetal98,
title = "Monte-Carlo study of correlations in quantum spin chains at non-zero temperature",
keywords = "75.10.Jm Quantized spin models, 75.40.Cx Static properties (order parameter, static susceptibility, heat capacities, critical exponents, etc.), 75.40.Mg Numerical simulation studies",
author = "Kim, {Y. J.} and M. Greven and Wiese, {U. J.} and Birgeneau, {R. J.}",
year = "1998",
volume = "4",
pages = "291--297",
journal = "European Physical Journal B",
issn = "1434-6028",
number = "3",
}

@ARTICLE{KitaevPreskill,
   author = {{Kitaev}, A. and {Preskill}, J.},
    title = "{Topological Entanglement Entropy}",
  journal = {Physical Review Letters},
   eprint = {hep-th/0510092},
 keywords = {Entanglement and quantum nonlocality, Entanglement production characterization and manipulation, Fermions in reduced dimensions, Quantum phase transitions},
     year = 2006,
    month = mar,
   volume = 96,
   number = 11,
      eid = {110404},
    pages = {110404},
      doi = {10.1103/PhysRevLett.96.110404},
   adsurl = {http://adsabs.harvard.edu/abs/2006PhRvL..96k0404K},
  adsnote = {Provided by the SAO/NASA Astrophysics Data System}
}

@ARTICLE{Grover,
   author = {{Grover}, T. and {Turner}, A.~M. and {Vishwanath}, A.},
    title = "{Entanglement entropy of gapped phases and topological order in three dimensions}",
  journal = {\prb},
archivePrefix = "arXiv",
   eprint = {1108.4038},
 primaryClass = "cond-mat.str-el",
 keywords = {Entanglement production characterization and manipulation, Entanglement and quantum nonlocality, Quantum statistical mechanics},
     year = 2011,
    month = nov,
   volume = 84,
   number = 19,
      eid = {195120},
    pages = {195120},
      doi = {10.1103/PhysRevB.84.195120},
   adsurl = {http://adsabs.harvard.edu/abs/2011PhRvB..84s5120G},
  adsnote = {Provided by the SAO/NASA Astrophysics Data System}
}


@article{Barcelo:2016xhp,
      author         = "Barceló, Carlos and Carballo-Rubio, Raúl and Di
                        Filippo, Francesco and Garay, Luis J.",
      title          = "{From physical symmetries to emergent gauge symmetries}",
      journal        = "JHEP",
      volume         = "10",
      year           = "2016",
      pages          = "084",
      doi            = "10.1007/JHEP10(2016)084",
      eprint         = "1608.07473",
      archivePrefix  = "arXiv",
      primaryClass   = "gr-qc",
      SLACcitation   = "%%CITATION = ARXIV:1608.07473;%%"
} 

@article{Susskind:1993if,
      author         = "Susskind, Leonard and Thorlacius, Larus and Uglum, John",
      title          = "{The Stretched horizon and black hole complementarity}",
      journal        = "Phys. Rev.",
      volume         = "D48",
      year           = "1993",
      pages          = "3743-3761",
      doi            = "10.1103/PhysRevD.48.3743",
      eprint         = "hep-th/9306069",
      archivePrefix  = "arXiv",
      primaryClass   = "hep-th",
      reportNumber   = "SU-ITP-93-15",
      SLACcitation   = "%%CITATION = HEP-TH/9306069;%%"
}


@article{Carroll:2017kjo,
      author         = "Carroll, Sean M. and Chatwin-Davies, Aidan",
      title          = "{Cosmic Equilibration: A Holographic No-Hair Theorem from
                        the Generalized Second Law}",
      year           = "2017",
      eprint         = "1703.09241",
      archivePrefix  = "arXiv",
      primaryClass   = "hep-th",
      reportNumber   = "CALT-TH-2017-013",
      SLACcitation   = "%%CITATION = ARXIV:1703.09241;%%"
}

@article{Cao:2016mst,
      author         = "Cao, ChunJun and Carroll, Sean M. and Michalakis,
                        Spyridon",
      title          = "{Space from Hilbert Space: Recovering Geometry from Bulk
                        Entanglement}",
      journal        = "Phys. Rev.",
      volume         = "D95",
      year           = "2017",
      number         = "2",
      pages          = "024031",
      doi            = "10.1103/PhysRevD.95.024031",
      eprint         = "1606.08444",
      archivePrefix  = "arXiv",
      primaryClass   = "hep-th",
      reportNumber   = "CALT-2016-15",
      SLACcitation   = "%%CITATION = ARXIV:1606.08444;%%"
}

@article{Casini:2013rba,
      author         = "Casini, Horacio and Huerta, Marina and Rosabal, Jose
                        Alejandro",
      title          = "{Remarks on entanglement entropy for gauge fields}",
      journal        = "Phys. Rev.",
      volume         = "D89",
      year           = "2014",
      number         = "8",
      pages          = "085012",
      doi            = "10.1103/PhysRevD.89.085012",
      eprint         = "1312.1183",
      archivePrefix  = "arXiv",
      primaryClass   = "hep-th",
      SLACcitation   = "%%CITATION = ARXIV:1312.1183;%%"
}

@article{Harlow:2015lma,
      author         = "Harlow, Daniel",
      title          = "{Wormholes, Emergent Gauge Fields, and the Weak Gravity
                        Conjecture}",
      journal        = "JHEP",
      volume         = "01",
      year           = "2016",
      pages          = "122",
      doi            = "10.1007/JHEP01(2016)122",
      eprint         = "1510.07911",
      archivePrefix  = "arXiv",
      primaryClass   = "hep-th",
      SLACcitation   = "%%CITATION = ARXIV:1510.07911;%%"
}


%%%% Bekenstein Bound  %%%%%%%

@article{bekenstein1973,
  title = {Black Holes and Entropy},
  author = {Bekenstein, Jacob D.},
  journal = {Phys. Rev. D},
  volume = {7},
  issue = {8},
  pages = {2333--2346},
  numpages = {0},
  year = {1973},
  month = {Apr},
  publisher = {American Physical Society},
  doi = {10.1103/PhysRevD.7.2333},
  url = {http://link.aps.org/doi/10.1103/PhysRevD.7.2333}
}
  	
	
@article{bekenstein1981,
  title = {Universal upper bound on the entropy-to-energy ratio for bounded systems},
  author = {Bekenstein, Jacob D.},
  journal = {Phys. Rev. D},
  volume = {23},
  issue = {2},
  pages = {287--298},
  numpages = {0},
  year = {1981},
  month = {Jan},
  publisher = {American Physical Society},
}

@article{bekenstein1994,
  title = {Entropy bounds and black hole remnants},
  author = {Bekenstein, Jacob D.},
  journal = {Phys. Rev. D},
  volume = {49},
  issue = {4},
  pages = {1912--1921},
  numpages = {0},
  year = {1994},
  month = {Feb},
  publisher = {American Physical Society},
  url = {http://link.aps.org/doi/10.1103/PhysRevD.49.1912},
    eprint = {https://arxiv.org/abs/gr-qc/9307035}
}


%%%%% dS entanglement saturation %%%%%%%%%

@article{Bianchi:2012ev,
      author         = "Bianchi, Eugenio and Myers, Robert C.",
      title          = "{On the Architecture of Spacetime Geometry}",
      journal        = "Class. Quant. Grav.",
      volume         = "31",
      year           = "2014",
      pages          = "214002",
      doi            = "10.1088/0264-9381/31/21/214002",
      eprint         = "1212.5183",
      archivePrefix  = "arXiv",
      primaryClass   = "hep-th",
      reportNumber   = "PI-QG-312",
      SLACcitation   = "%%CITATION = ARXIV:1212.5183;%%"
}

@Article{myers_etal2013,
author="Myers, Robert C.
and Pourhasan, Razieh
and Smolkin, Michael",
title="On spacetime entanglement",
journal="Journal of High Energy Physics",
year="2013",
volume="2013",
number="6",
pages="13",
issn="1029-8479",
doi="10.1007/JHEP06(2013)013",
url="http://dx.doi.org/10.1007/JHEP06(2013)013",
  eprint = {https://arxiv.org/abs/1304.2030}
}



%%%%%%% Finite dim Hilbert Space and  %%%%%%

@article{Banks:2000fe,
      author         = "Banks, Tom",
      title          = "{Cosmological breaking of supersymmetry?}",
      booktitle      = "{Superstrings. Proceedings, International Conference,
                        Strings 2000, Ann Arbor, USA, July 10-15, 2000}",
      journal        = "Int. J. Mod. Phys.",
      volume         = "A16",
      year           = "2001",
      pages          = "910-921",
      doi            = "10.1142/S0217751X01003998",
      eprint         = "hep-th/0007146",
      archivePrefix  = "arXiv",
      primaryClass   = "hep-th",
      reportNumber   = "RUNHETC-2000-24, SCIPP-00-23",
      SLACcitation   = "%%CITATION = HEP-TH/0007146;%%"
}
  
@article{banks+fischler2001,
title = {M-theory observables for cosmological space-times},
author = {Banks, Tom and Fishler, Willy},
year = {2001},
eprint = {https://arxiv.org/abs/hep-th/0102077}
}
  	
@article{klemm+vanzo2004,
  author={Klemm, Dietmar  and Vanzo, Luciano},
  title={Aspects of quantum gravity in de Sitter spaces},
  journal={Journal of Cosmology and Astroparticle Physics},
  volume={2004},
  number={11},
  pages={006},
  url={http://stacks.iop.org/1475-7516/2004/i=11/a=006},
  year={2004},
  eprint = {https://arxiv.org/abs/hep-th/0407255}
}

@inproceedings{Witten:2001kn,
      author         = "Witten, Edward",
      title          = "{Quantum gravity in de Sitter space}",
      booktitle      = "{Strings 2001: International Conference Mumbai, India,
                        January 5-10, 2001}",
      url            = "http://alice.cern.ch/format/showfull?sysnb=2259607",
      year           = "2001",
      eprint         = "hep-th/0106109",
      archivePrefix  = "arXiv",
      primaryClass   = "hep-th",
      SLACcitation   = "%%CITATION = HEP-TH/0106109;%%"
}

@article{Parikh:2004wh,
      author         = "Parikh, Maulik K. and Verlinde, Erik P.",
      title          = "{De Sitter holography with a finite number of states}",
      journal        = "JHEP",
      volume         = "01",
      year           = "2005",
      pages          = "054",
      doi            = "10.1088/1126-6708/2005/01/054",
      eprint         = "hep-th/0410227",
      archivePrefix  = "arXiv",
      primaryClass   = "hep-th",
      reportNumber   = "CU-TP-1122, ITFA-2004-49",
      SLACcitation   = "%%CITATION = HEP-TH/0410227;%%"
}

@article{Dyson2002,
      author         = "Dyson, Lisa and Kleban, Matthew and Susskind, Leonard",
      title          = "{Disturbing implications of a cosmological constant}",
      journal        = "JHEP",
      volume         = "10",
      year           = "2002",
      pages          = "011",
      doi            = "10.1088/1126-6708/2002/10/011",
      eprint         = "hep-th/0208013",
      archivePrefix  = "arXiv"
}	
  	
@article{bousso2000,
  author={Bousso, Raphael},
  title={Positive vacuum energy and the N-bound},
  journal={Journal of High Energy Physics},
  volume={2000},
  number={11},
  pages={038},
  url={http://stacks.iop.org/1126-6708/2000/i=11/a=038},
  year={2000},
  eprint = {https://arxiv.org/abs/hep-th/0010252}
}
	


%%%% Goheer et al paper

@article{goheer_etal2003,
  author={Goheer, Naureen and Kleban, Matthew and Susskind, Leonard},
  title={The trouble with de Sitter space},
  journal={Journal of High Energy Physics},
  volume={2003},
  number={07},
  pages={056},
  url={http://stacks.iop.org/1126-6708/2003/i=07/a=056},
  year={2003},
  eprint = {https://arxiv.org/abs/hep-th/0212209}
}
	

%%%%%%% Emergence %%%%%%
@Article{vanRaamsdonk2010,
      author         = "Van Raamsdonk, Mark",
      title          = "{Building up spacetime with quantum entanglement}",
      journal        = "Gen. Rel. Grav.",
      volume         = "42",
      year           = "2010",
      pages          = "2323-2329",
      doi            = "10.1007/s10714-010-1034-0, 10.1142/S0218271810018529",
      note           = "[Int. J. Mod. Phys.D19,2429(2010)]",
      eprint         = "1005.3035",
      archivePrefix  = "arXiv",
      primaryClass   = "hep-th",
      SLACcitation   = "%%CITATION = ARXIV:1005.3035;%%"
}

@article{Cotler:2017abq,
    author = "Cotler, Jordan S. and Penington, Geoffrey R. and Ranard, Daniel H.",
    title = "{Locality from the Spectrum}",
    eprint = "1702.06142",
    archivePrefix = "arXiv",
    primaryClass = "quant-ph",
    reportNumber = "SU-ITP-17-01",
    doi = "10.1007/s00220-019-03376-w",
    journal = "Commun. Math. Phys.",
    volume = "368",
    number = "3",
    pages = "1267--1296",
    year = "2019"
}

%%%%%%% Time Evolution %%%%%%

%%%%% Bousso Bound %%%%%%%%%

@article{bousso1999,
      author         = "Bousso, Raphael",
      title          = "{A Covariant entropy conjecture}",
      journal        = "JHEP",
      volume         = "07",
      year           = "1999",
      pages          = "004",
      doi            = "10.1088/1126-6708/1999/07/004",
      eprint         = "hep-th/9905177",
      archivePrefix  = "arXiv",
      primaryClass   = "hep-th",
      reportNumber   = "SU-ITP-99-23",
      SLACcitation   = "%%CITATION = HEP-TH/9905177;%%"
}

% Quantum Bousso Bounds:

@article{strominger+thompson2004,
  title = {Quantum Bousso bound},
  author = {Strominger, Andrew and Thompson, David},
  journal = {Phys. Rev. D},
  volume = {70},
  issue = {4},
  pages = {044007},
  numpages = {8},
  year = {2004},
  month = {Aug},
  publisher = {American Physical Society},
  doi = {10.1103/PhysRevD.70.044007},
  url = {http://link.aps.org/doi/10.1103/PhysRevD.70.044007},
    eprint = {https://arxiv.org/abs/hep-th/0303067}
}


%% Also,  bousso_etal2014

@article{bousso_etal2015,
  title = {Entropy on a null surface for interacting quantum field theories and the Bousso bound},
  author = {Bousso, Raphael and Casini, Horacio and Fisher, Zachary and Maldacena, Juan},
  journal = {Phys. Rev. D},
  volume = {91},
  issue = {8},
  pages = {084030},
  numpages = {17},
  year = {2015},
  month = {Apr},
  publisher = {American Physical Society},
  doi = {10.1103/PhysRevD.91.084030},
  url = {http://link.aps.org/doi/10.1103/PhysRevD.91.084030},
    eprint = {https://arxiv.org/abs/1406.4545}
}

%%%%%%%% Marolf Paper %%%%%%%

@article{marolf2015,
      author         = "Marolf, Donald",
      title          = "{Emergent Gravity Requires Kinematic Nonlocality}",
      journal        = "Phys. Rev. Lett.",
      volume         = "114",
      year           = "2015",
      number         = "3",
      pages          = "031104",
      doi            = "10.1103/PhysRevLett.114.031104",
      eprint         = "1409.2509",
      archivePrefix  = "arXiv",
      primaryClass   = "hep-th",
      SLACcitation   = "%%CITATION = ARXIV:1409.2509;%%"
}
 
 
 %%%%%%%% Donnelley and Giddings %%%%%%%
 @Article{giddings2015,
      author         = "Giddings, Steven B.",
      title          = "{Hilbert space structure in quantum gravity: an algebraic
                        perspective}",
      journal        = "JHEP",
      volume         = "12",
      year           = "2015",
      pages          = "099",
      doi            = "10.1007/JHEP12(2015)099",
      eprint         = "1503.08207",
      archivePrefix  = "arXiv",
      primaryClass   = "hep-th",
      SLACcitation   = "%%CITATION = ARXIV:1503.08207;%%"
}

@article{donnelly+giddings2016_1,
      author         = "Donnelly, William and Giddings, Steven B.",
      title          = "{Diffeomorphism-invariant observables and their nonlocal
                        algebra}",
      journal        = "Phys. Rev.",
      volume         = "D93",
      year           = "2016",
      number         = "2",
      pages          = "024030",
      doi            = "10.1103/PhysRevD.94.029903, 10.1103/PhysRevD.93.024030",
      note           = "[Erratum: Phys. Rev.D94,no.2,029903(2016)]",
      eprint         = "1507.07921",
      archivePrefix  = "arXiv",
      primaryClass   = "hep-th",
      reportNumber   = "NSF-KITP-15-133",
      SLACcitation   = "%%CITATION = ARXIV:1507.07921;%%"
}


@article{donnelly+giddings2016_2,
      author         = "Donnelly, William and Giddings, Steven B.",
      title          = "{Observables, gravitational dressing, and obstructions to
                        locality and subsystems}",
      journal        = "Phys. Rev.",
      volume         = "D94",
      year           = "2016",
      number         = "10",
      pages          = "104038",
      doi            = "10.1103/PhysRevD.94.104038",
      eprint         = "1607.01025",
      archivePrefix  = "arXiv",
      primaryClass   = "hep-th",
      SLACcitation   = "%%CITATION = ARXIV:1607.01025;%%"
}

%%%%%%% Experimental Bounds %%%%%%
@Article{mattingly2005,
      author         = "Mattingly, David",
      title          = "{Modern tests of Lorentz invariance}",
      journal        = "Living Rev. Rel.",
      volume         = "8",
      year           = "2005",
      pages          = "5",
      doi            = "10.12942/lrr-2005-5",
      eprint         = "gr-qc/0502097",
      archivePrefix  = "arXiv",
      primaryClass   = "gr-qc",
      SLACcitation   = "%%CITATION = GR-QC/0502097;%%"
}



%%%%%%% Quantum Circuit Cosmology %%%%%%

@article{bao_etal2017,
      author         = "Bao, Ning and Cao, ChunJun and Carroll, Sean M. and
                        McAllister, Liam",
      title          = "{Quantum Circuit Cosmology: The Expansion of the Universe
                        Since the First Qubit}",
      year           = "2017",
      eprint         = "1702.06959",
      archivePrefix  = "arXiv",
      primaryClass   = "hep-th",
      reportNumber   = "CALT-TH-2017-006",
      SLACcitation   = "%%CITATION = ARXIV:1702.06959;%%"
}

