@article{collins,
  title={On a conjecture of {G}raham and {L}ov{\'a}sz about distance matrices},
  author={Collins, Karen L},
  journal={Discrete applied mathematics},
  volume={25},
  number={1-2},
  pages={27--35},
  year={1989},
  publisher={Elsevier}
}

@article{cvetkovic1980spectra,
  title={Spectra of graphs: {T}heory and application},
  journal={Pure and Applied Mathematics},
  author={Cvetkovi{\'c}, Drago{\v{s}} M and Doob, Michael and Sachs, H},
  year={1980},
  publisher={Academic Press}
}

@article{aalipour2015proof,
  title={Proof of a Conjecture of {G}raham and {L}ov\'asz concerning Unimodality of Coefficients of the Distance Characteristic Polynomial of a Tree},
  author={Aalipour, Ghodratollah and Abiad, Aida and Berikkyzy, Zhanar and Hogben, Leslie and Kenter, Franklin and Lin, Jephian C-H and Tait, Michael},
  journal={The Electronic Journal of Linear Algebra},
  volume={34},
  pages={373--380},
  year={2018}
}

@article{grahamlovasz,
  title={Distance matrix polynomials of trees},
  author={Graham, Ron L and Lov\'asz, L\'aszl\'o},
  journal={Advances in Mathematics},
  volume={29},
  number={1},
  pages={60--88},
  year={1978},
  publisher={Elsevier}
}


@book{permbook1,
  title={Combinatorics of permutations},
  author={B{\'o}na, Mikl{\'o}s},
  year={2012},
  publisher={CRC Press}
}

@book{permbook2,
  title={Patterns in permutations and words},
  author={Kitaev, Sergey},
  year={2011},
  publisher={Springer Science \& Business Media}
}

@inproceedings{permsurvey1,
  title={Increasing and decreasing subsequences and their variants},
  author={Stanley, Richard P},
  booktitle={International Congress of Mathematicians},
  volume={1},
  pages={545--579},
  year={2007}
}

@article{permsurvey2,
  title={Some open problems on permutation patterns},
  author={Steingr{\'\i}msson, Einar},
  journal={Surveys in combinatorics},
  volume={409},
  pages={239--263},
  year={2013}
}

@misc{tenner,
  title={Database of permutation pattern avoidance},
  author={Tenner, Bridget E},
  howpublished = "\url{http://math.depaul.edu/bridget/patterns.html}"
}

@article{marcustardos,
  title={Excluded permutation matrices and the {S}tanley-{W}ilf conjecture},
  author={Marcus, Adam and Tardos, G{\'a}bor},
  journal={Journal of Combinatorial Theory, Series A},
  volume={107},
  number={1},
  pages={153--160},
  year={2004},
  publisher={Elsevier}
}

@article{furedihajnal,
  title={Davenport-{S}chinzel theory of matrices},
  author={F{\"u}redi, Zolt{\'a}n and Hajnal, P{\'e}ter},
  journal={Discrete Mathematics},
  volume={103},
  number={3},
  pages={233--251},
  year={1992},
  publisher={Elsevier}
}

@inproceedings{klazar,
  title={The {F}{\"u}redi-{H}ajnal conjecture implies the {S}tanley-{W}ilf conjecture},
  author={Klazar, Martin},
  booktitle={Formal power series and algebraic combinatorics},
  pages={250--255},
  year={2000},
  organization={Springer}
}

@article{fox,
  title={Stanley-{W}ilf limits are typically exponential},
  author={Fox, Jacob},
  journal={arXiv preprint arXiv:1310.8378},
  year={2013}
}

@article{brualdi,
  title={Pattern-avoiding (0, 1)-matrices},
  author={Brualdi, Richard A and Cao, Lei},
  journal={arXiv preprint arXiv:2005.00379},
  year={2020}
}

@article{valiant,
  title={The complexity of computing the permanent},
  author={Valiant, Leslie G},
  journal={Theoretical computer science},
  volume={8},
  number={2},
  pages={189--201},
  year={1979},
  publisher={Elsevier}
}

@inproceedings{bregman,
  title={Some properties of nonnegative matrices and their permanents},
  author={Br{\`e}gman, Lev Meerovich},
  booktitle={Doklady Akademii Nauk},
  volume={211/1},
  pages={27--30},
  year={1973},
  organization={Russian Academy of Sciences}
}


@article{fekete,
  title={{\"U}ber die {V}erteilung der {W}urzeln bei gewissen algebraischen {G}leichungen mit ganzzahligen {K}oeffizienten},
  author={Fekete, Michael},
  journal={Mathematische Zeitschrift},
  volume={17},
  number={1},
  pages={228--249},
  year={1923},
  publisher={Springer}
}


@article{nnsurvey1,
  title={Machine learning for combinatorial optimization: a methodological tour d’horizon},
  author={Bengio, Yoshua and Lodi, Andrea and Prouvost, Antoine},
  journal={European Journal of Operational Research},
  year={2020},
  publisher={Elsevier}
}



@article{nnsurvey4,
  title={Learning Combinatorial Optimization on Graphs: {A} Survey With Applications to Networking},
  author={Vesselinova, Natalia and Steinert, Rebecca and Perez-Ramirez, Daniel F and Boman, Magnus},
  journal={IEEE Access},
  volume={8},
  pages={120388--120416},
  year={2020},
  publisher={IEEE}
}
@incollection{nnsurvey2,
  title={Solving combinatorial problems with machine learning methods},
  author={Guo, Tiande and Han, Congying and Tang, Siqi and Ding, Man},
  booktitle={Nonlinear Combinatorial Optimization},
  pages={207--229},
  year={2019},
  publisher={Springer}
}

@article{nnsurvey3,
  title={Reinforcement learning for combinatorial optimization: {A} survey},
  author={Mazyavkina, Nina and Sviridov, Sergey and Ivanov, Sergei and Burnaev, Evgeny},
  journal={arXiv preprint arXiv:2003.03600},
  year={2020}
}


@book{lapan2020deep,
  title={Deep Reinforcement Learning Hands-On: {A}pply Modern {RL} Methods to Practical Problems of Chatbots, Robotics, Discrete Optimization, Web Automation, and More, 2nd Edition},
  author={Lapan, M.},
  isbn={9781838826994},
  series={Expert insight},
  url={https://books.google.co.il/books?id=Gy1ZzAEACAAJ},
  year={2020},
  publisher={Packt Publishing, Limited}
}


@article{aouch,
  title={A survey of automated conjectures in spectral graph theory},
  author={Aouchiche, Mustapha and Hansen, Pierre},
  journal={Linear algebra and its applications},
  volume={432},
  number={9},
  pages={2293--2322},
  year={2010},
  publisher={Elsevier}
}


@article{stevanovic,
  title={Resolution of {A}uto{G}raphi{X} conjectures relating the index and matching number of graphs},
  author={Stevanovi{\'c}, Dragan},
  journal={Linear algebra and its applications},
  volume={433},
  number={8-10},
  pages={1674--1677},
  year={2010},
  publisher={Elsevier}
}


@article{autographix,
  title={Variable neighborhood search for extremal graphs: 1 {T}he {A}uto{G}raphi{X} system},
  author={Caporossi, Gilles and Hansen, Pierre},
  journal={Discrete Mathematics},
  volume={212},
  number={1-2},
  pages={29--44},
  year={2000},
  publisher={Elsevier}
}


@article{bollsetpair,
  title={On generalized graphs},
  author={Bollob{\'a}s, B{\'e}la},
  journal={Acta Mathematica Hungarica},
  volume={16},
  number={3-4},
  pages={447--452},
  year={1965},
  publisher={Akad{\'e}miai Kiad{\'o}, co-published with Springer Science+ Business Media BV~…}
}


@article{domotor,
  title={On families of weakly cross-intersecting set-pairs},
  author={Kir{\'a}ly, Zolt{\'a}n and Nagy, Zolt{\'a}n L and P{\'a}lv{\"o}lgyi, D{\"o}m{\"o}t{\"o}r and Visontai, Mirk{\'o}},
  journal={Fundamenta Informaticae},
  volume={117},
  number={1-4},
  pages={189--198},
  year={2012},
  publisher={IOS Press}
}


@misc{gurobi,  author = "Gurobi Optimization, LLC",  title = "Gurobi Optimizer Reference Manual",  year = 2021,  url = "http://www.gurobi.com"}


@article{mypaper,
  title={Refuting conjectures in extremal combinatorics via linear programming},
  author={Wagner, Adam Zsolt},
  journal={Journal of Combinatorial Theory, Series A},
  volume={169},
  pages={105130},
  year={2020},
  publisher={Elsevier}
}

@article{alon1993covering,
  title={Covering the cube by affine hyperplanes},
  author={Alon, Noga and F{\"u}redi, Zolt{\'a}n},
  journal={European journal of combinatorics},
  volume={14},
  number={2},
  pages={79--83},
  year={1993},
  publisher={Elsevier}
}

@article{sauermann,
  title={Polynomials that vanish to high order on most of the hypercube},
  author={Sauermann, Lisa and Wigderson, Yuval},
  journal={arXiv preprint arXiv:2010.00077},
  year={2020}
}

@article{bishnoi,
  title={Subspace coverings with multiplicities},
  author={Bishnoi, Anurag and Boyadzhiyska, Simona and Das, Shagnik and M{\'e}sz{\'a}ros, Tam{\'a}s},
  journal={arXiv preprint arXiv:2101.11947},
  year={2021}
}

@article{aaronson,
  title={Exact hyperplane covers for subsets of the hypercube},
  author={Aaronson, James and Groenland, Carla and Grzesik, Andrzej and Kielak, Bart{\l}omiej and Johnston, Tom},
  journal={arXiv preprint arXiv:2010.00315},
  year={2020}
}

@article{frankl,
  title={An extremal problem for two families of sets},
  author={Frankl, Peter},
  journal={European Journal of Combinatorics},
  volume={3},
  number={2},
  pages={125--127},
  year={1982},
  publisher={Elsevier}
}


@article{alonkrech,
  title={Tur{\'a}n’s theorem in the hypercube},
  author={Alon, Noga and Krech, Anja and Szab{\'o}, Tibor},
  journal={SIAM Journal on Discrete Mathematics},
  volume={21},
  number={1},
  pages={66--72},
  year={2007},
  publisher={SIAM}
}


@article{kepler,
  title={A proof of the {K}epler conjecture},
  author={Hales, Thomas C},
  journal={Annals of mathematics},
  pages={1065--1185},
  year={2005},
  publisher={JSTOR}
}


@article{4ct,
  title={The solution of the four-color-map problem},
  author={Appel, Kenneth and Haken, Wolfgang},
  journal={Scientific American},
  volume={237},
  number={4},
  pages={108--121},
  year={1977},
  publisher={JSTOR}
}


@article{tuza,
  title={Inequalities for two set systems with prescribed intersections},
  author={Tuza, Zsolt},
  journal={Graphs and Combinatorics},
  volume={3},
  number={1},
  pages={75--80},
  year={1987},
  publisher={Springer}
}

@article{grahampollack,
  title={On the addressing problem for loop switching},
  author={Graham, Ronald L and Pollak, Henry O},
  journal={The Bell system technical journal},
  volume={50},
  number={8},
  pages={2495--2519},
  year={1971},
  publisher={Nokia Bell Labs}
}

@article{aouchhansen,
  title={Proximity, remoteness and distance eigenvalues of a graph},
  author={Aouchiche, Mustapha and Hansen, Pierre},
  journal={Discrete Applied Mathematics},
  volume={213},
  pages={17--25},
  year={2016},
  publisher={Elsevier}
}


@article{aouchiche2011proximity,
  title={Proximity and remoteness in graphs: results and conjectures},
  author={Aouchiche, Mustapha and Hansen, Pierre},
  journal={Networks},
  volume={58},
  number={2},
  pages={95--102},
  year={2011},
  publisher={Wiley Online Library}
}

@article{merris1990distance,
  title={The distance spectrum of a tree},
  author={Merris, Russell},
  journal={Journal of graph theory},
  volume={14},
  number={3},
  pages={365--369},
  year={1990},
  publisher={Wiley Online Library}
}


@misc{code,
  author = {Wagner, Adam Zsolt},
  publisher = {GitHub},
  journal = {GitHub repository},
  howpublished = {\url{https://github.com/zawagner22/cross-entropy-for-combinatorics}}
}


@article{surveydistance,
  title={Spectra of variants of distance matrices of graphs and digraphs: a survey},
  author={Hogben, Leslie and Reinhart, Carolyn},
  journal={arXiv preprint arXiv:2103.00647},
  year={2021}
}

@article{hogben,
  title={Graphs that are cospectral for the distance Laplacian},
  author={Brimkov, Boris and Duna, Ken and Hogben, Leslie and Lorenzen, Kate and Reinhart, Carolyn and Song, Sung-Yell and Yarrow, Mark},
  journal={arXiv preprint arXiv:1812.05734},
  year={2018}
}

@article{atari,
  title={Human-level control through deep reinforcement learning},
  author={Mnih, Volodymyr and Kavukcuoglu, Koray and Silver, David and Rusu, Andrei A and Veness, Joel and Bellemare, Marc G and Graves, Alex and Riedmiller, Martin and Fidjeland, Andreas K and Ostrovski, Georg and others},
  journal={nature},
  volume={518},
  number={7540},
  pages={529--533},
  year={2015},
  publisher={Nature Publishing Group}
}


@article{go,
  title={Mastering the game of go without human knowledge},
  author={Silver, David and Schrittwieser, Julian and Simonyan, Karen and Antonoglou, Ioannis and Huang, Aja and Guez, Arthur and Hubert, Thomas and Baker, Lucas and Lai, Matthew and Bolton, Adrian and others},
  journal={nature},
  volume={550},
  number={7676},
  pages={354--359},
  year={2017},
  publisher={Nature Publishing Group}
}


@inproceedings{double,
  title={Deep reinforcement learning with double q-learning},
  author={Van Hasselt, Hado and Guez, Arthur and Silver, David},
  booktitle={Proceedings of the AAAI Conference on Artificial Intelligence},
  volume={30},
  number={1},
  year={2016}
}


@inproceedings{dueling,
  title={Dueling network architectures for deep reinforcement learning},
  author={Wang, Ziyu and Schaul, Tom and Hessel, Matteo and Hasselt, Hado and Lanctot, Marc and Freitas, Nando},
  booktitle={International conference on machine learning},
  pages={1995--2003},
  year={2016},
  organization={PMLR}
}

@article{graphgensurvey,
  title={Graph neural networks: A review of methods and applications},
  author={Zhou, Jie and Cui, Ganqu and Zhang, Zhengyan and Yang, Cheng and Liu, Zhiyuan and Wang, Lifeng and Li, Changcheng and Sun, Maosong},
  journal={arXiv preprint arXiv:1812.08434},
  year={2018}
}

@inproceedings{gan1,
  title={Netgan: Generating graphs via random walks},
  author={Bojchevski, Aleksandar and Shchur, Oleksandr and Z{\"u}gner, Daniel and G{\"u}nnemann, Stephan},
  booktitle={International Conference on Machine Learning},
  pages={610--619},
  year={2018},
  organization={PMLR}
}

@article{gan2,
  title={MolGAN: An implicit generative model for small molecular graphs},
  author={De Cao, Nicola and Kipf, Thomas},
  journal={arXiv preprint arXiv:1805.11973},
  year={2018}
}


@misc{tds,
  author = {Torres,  Jordi},
  howpublished = {\url{https://towardsdatascience.com/solving-a-reinforcement-learning-problem-using-cross-entropy-method-23d9726a737}}
}

@article{gnnbook,
author={Hamilton, William L.},
title={Graph Representation Learning},
journal={Synthesis Lectures on Artificial Intelligence and Machine Learning},
volume={14},
number={3},
pages={1-159},
year={2020},
publisher={Morgan and Claypool}
}

@article{deepmind,
  title={Combinatorial optimization and reasoning with graph neural networks},
  author={Cappart, Quentin and Ch{\'e}telat, Didier and Khalil, Elias and Lodi, Andrea and Morris, Christopher and Veli{\v{c}}kovi{\'c}, Petar},
  journal={arXiv preprint arXiv:2102.09544},
  year={2021}
}