@book{minsky1986,
  title={Society Of Mind},
  author={Minsky, M.},
  isbn={9780671657130},
  lccn={86020322},
  year={1986},
  publisher={Simon \& Schuster}
}

@book{haugeland1985,
  title={Artificial Intelligence: The Very Idea},
  author={Haugeland, J.},
  isbn={9780262580953},
  lccn={lc85005916},
  year={1985},
  publisher={MIT Press}
}

@book{winograd1987,
  title={Understanding Computers and Cognition: A New Foundation for Design},
  author={Winograd, T. and Flores, F.},
  isbn={9780201112979},
  lccn={85003856},
  series={Language and being},
  year={1987},
  publisher={Addison-Wesley}
}
