@ARTICLE{2019ATel13125....1S,
       author = {{Stein}, Robert and {Franckowiak}, Anna and {Kowalski}, Marek and
         {Kasliwal}, Mansi},
        title = "{A candidate supernova coincident with IceCube-190922B from ZTF}",
      journal = {The Astronomer's Telegram},
     keywords = {Request for Observations, Supernovae, Transient},
         year = "2019",
        month = "Sep",
       volume = {13125},
        pages = {1},
       adsurl = {https://ui.adsabs.harvard.edu/abs/2019ATel13125....1S},
      adsnote = {Provided by the SAO/NASA Astrophysics Data System}
}

@article{amon,
    author = {Ayala Solares, Hugo and Coutu, Stephane and Cowen, D.F. and DeLaunay, James and Fox, Derek and Keivani, Azadeh and Mostafa, Miguel and Murase, Kohta and Oikonomou, Foteini and Seglar-Arroyo, Monica and Tešić, Gordana and Turley, Colin},
    year = {2019},
    month = {06},
    pages = {},
    title = {The Astrophysical Multimessenger Observatory Network (AMON): Performance and Science Program.},
    volume = {114},
    journal = {Astroparticle Physics},
    doi = {10.1016/j.astropartphys.2019.06.007}
}

@ARTICLE{protheroe99,
   author = {{Protheroe}, R.~J.},
    title = "{High energy neutrino astrophysics}",
  journal = {Nuclear Physics B Proceedings Supplements},
   eprint = {astro-ph/9809144},
     year = 1999,
    month = may,
   volume = 77,
    pages = {465-473},
      doi = {10.1016/S0920-5632(99)00468-5},
   adsurl = {http://adsabs.harvard.edu/abs/1999NuPhS..77..465P},
  adsnote = {Provided by the SAO/NASA Astrophysics Data System}
}

@ARTICLE{mucke01,
   author = {{M{\"u}cke}, A. and {Protheroe}, R.~J.},
    title = "{A proton synchrotron blazar model for flaring in Markarian 501}",
  journal = {Astroparticle Physics},
   eprint = {astro-ph/0004052},
     year = 2001,
    month = mar,
   volume = 15,
    pages = {121-136},
      doi = {10.1016/S0927-6505(00)00141-9},
   adsurl = {http://adsabs.harvard.edu/abs/2001APh....15..121M},
  adsnote = {Provided by the SAO/NASA Astrophysics Data System}
}

@ARTICLE{atoyan01,
   author = {{Atoyan}, A. and {Dermer}, C.~D.},
    title = "{High-Energy Neutrinos from Photomeson Processes in Blazars}",
  journal = {Physical Review Letters},
   eprint = {astro-ph/0108053},
     year = 2001,
    month = nov,
   volume = 87,
   number = 22,
      eid = {221102},
    pages = {221102},
      doi = {10.1103/PhysRevLett.87.221102},
   adsurl = {http://adsabs.harvard.edu/abs/2001PhRvL..87v1102A},
  adsnote = {Provided by the SAO/NASA Astrophysics Data System}
}

@ARTICLE{atoyan03,
   author = {{Atoyan}, A.~M. and {Dermer}, C.~D.},
    title = "{Neutral Beams from Blazar Jets}",
  journal = {\apj},
   eprint = {astro-ph/0209231},
 keywords = {Galaxies: Active, Galaxies: Jets, Gamma Rays: Theory, Radiation Mechanisms: Nonthermal, X-Rays: Galaxies},
     year = 2003,
    month = mar,
   volume = 586,
    pages = {79-96},
      doi = {10.1086/346261},
   adsurl = {http://adsabs.harvard.edu/abs/2003ApJ...586...79A},
  adsnote = {Provided by the SAO/NASA Astrophysics Data System}
}

@ARTICLE{dimitrakoudis12,
   author = {{Dimitrakoudis}, S. and {Mastichiadis}, A. and {Protheroe}, R.~J. and 
	{Reimer}, A.},
    title = "{The time-dependent one-zone hadronic model. First principles}",
  journal = {\aap},
archivePrefix = "arXiv",
   eprint = {1209.0413},
 primaryClass = "astro-ph.HE",
 keywords = {radiation mechanisms: non-thermal, radiative transfer, galaxies: active},
     year = 2012,
    month = oct,
   volume = 546,
      eid = {A120},
    pages = {A120},
      doi = {10.1051/0004-6361/201219770},
   adsurl = {http://adsabs.harvard.edu/abs/2012A%26A...546A.120D},
  adsnote = {Provided by the SAO/NASA Astrophysics Data System}
}

@ARTICLE{waxman95,
       author = {{Waxman}, Eli},
        title = "{Cosmological Gamma-Ray Bursts and the Highest Energy Cosmic Rays}",
      journal = {\prl},
     keywords = {Astrophysics},
         year = "1995",
        month = "Jul",
       volume = {75},
       number = {3},
        pages = {386-389},
          doi = {10.1103/PhysRevLett.75.386},
archivePrefix = {arXiv},
       eprint = {astro-ph/9505082},
 primaryClass = {astro-ph},
       adsurl = {https://ui.adsabs.harvard.edu/abs/1995PhRvL..75..386W},
      adsnote = {Provided by the SAO/NASA Astrophysics Data System}
}

@ARTICLE{2016PhRvD..93h3003S,
       author = {{Senno}, Nicholas and {Murase}, Kohta and {M{\'e}sz{\'a}ros}, Peter},
        title = "{Choked jets and low-luminosity gamma-ray bursts as hidden neutrino sources}",
      journal = {\prd},
     keywords = {Astrophysics - High Energy Astrophysical Phenomena, High Energy Physics - Phenomenology},
         year = 2016,
        month = apr,
       volume = {93},
       number = {8},
          eid = {083003},
        pages = {083003},
          doi = {10.1103/PhysRevD.93.083003},
archivePrefix = {arXiv},
       eprint = {1512.08513},
 primaryClass = {astro-ph.HE},
       adsurl = {https://ui.adsabs.harvard.edu/abs/2016PhRvD..93h3003S},
      adsnote = {Provided by the SAO/NASA Astrophysics Data System}
}



@ARTICLE{2019arXiv190111080K,
       author = {{Kankare}, E. and {Huber}, M. and {Smartt}, S.~J. and {Chambers}, K. and
         {Smith}, K.~W. and {McBrien}, O. and {Chen}, T. -W. and
         {Flewelling}, H. and {Lowe}, T. and {Magnier}, E. and {Schultz}, A. and
         {Waters}, C. and {Wainscoat}, R.~J. and {Willman}, M. and {Wright}, D. and
         {Young}, D. and {Aartsen}, M.~G. and {Ackermann}, M. and {Adams}, J. and
         {Aguilar}, J.~A. and {Ahlers}, M. and {Ahrens}, M. and {Alispach}, C. and
         {Altmann}, D. and {Andeen}, K. and {Anderson}, T. and {Ansseau}, I. and
         {Anton}, G. and {Arg{\"u}elles}, C. and {Auffenberg}, J. and
         {Axani}, S. and {Backes}, P. and {Bagherpour}, H. and {Bai}, X. and
         {Barbano}, A. and {Barwick}, S.~W. and {Baum}, V. and {Bay}, R. and
         {Beatty}, J.~J. and {Becker}, K. -H. and {Becker Tjus}, J. and
         {BenZvi}, S. and {Berley}, D. and {Bernardini}, E. and {Besson}, D.~Z. and
         {Binder}, G. and {Bindig}, D. and {Blaufuss}, E. and {Blot}, S. and
         {Bohm}, C. and {B{\"o}rner}, M. and {B{\"o}ser}, S. and {Botner}, O. and
         {Bourbeau}, E. and {Bourbeau}, J. and {Bradascio}, F. and {Braun}, J. and
         {Bretz}, H. -P. and {Bron}, S. and {Brostean-Kaiser}, J. and
         {Burgman}, A. and {Busse}, R.~S. and {Carver}, T. and {Chen}, C. and
         {Cheung}, E. and {Chirkin}, D. and {Clark}, K. and {Classen}, L. and
         {Collin}, G.~H. and {Conrad}, J.~M. and {Coppin}, P. and {Correa}, P. and
         {Cowen}, D.~F. and {Cross}, R. and {Dave}, P. and
         {de Andr{\'e}}, J.~P.~A.~M. and {De Clercq}, C. and {DeLaunay}, J.~J. and
         {Dembinski}, H. and {Deoskar}, K. and {De Ridder}, S. and
         {Desiati}, P. and {de Vries}, K.~D. and {de Wasseige}, G. and
         {de With}, M. and {DeYoung}, T. and {az-V{\'e}lez}, J.~C. D{\'\i} and
         {Dujmovic}, H. and {Dunkman}, M. and {Dvorak}, E. and {Eberhardt}, B. and
         {Ehrhardt}, T. and {Eller}, P. and {Evenson}, P.~A. and {Fahey}, S. and
         {Fazely}, A.~R. and {Felde}, J. and {Filimonov}, K. and {Finley}, C. and
         {Franckowiak}, A. and {Friedman}, E. and {Fritz}, A. and
         {Gaisser}, T.~K. and {Gallagher}, J. and {Ganster}, E. and
         {Garrappa}, S. and {Gerhardt}, L. and {Ghorbani}, K. and {Glauch}, T. and
         {Gl{\"u}senkamp}, T. and {Goldschmidt}, A. and {Gonzalez}, J.~G. and
         {Grant}, D. and {Griffith}, Z. and {G{\"u}nder}, M. and
         {G{\"u}nd{\"u}z}, M. and {Haack}, C. and {Hallgren}, A. and
         {Halve}, L. and {Halzen}, F. and {Hanson}, K. and {Hebecker}, D. and
         {Heereman}, D. and {Helbing}, K. and {Hellauer}, R. and
         {Henningsen}, F. and {Hickford}, S. and {Hignight}, J. and
         {Hill}, G.~C. and {Hoffman}, K.~D. and {Hoffmann}, R. and {Hoinka}, T. and
         {Hokanson-Fasig}, B. and {Hoshina}, K. and {Huang}, F. and {Huber}, M. and
         {Hultqvist}, K. and {H{\"u}nnefeld}, M. and {Hussain}, R. and {In}, S. and
         {Iovine}, N. and {Ishihara}, A. and {Jacobi}, E. and
         {Japaridze}, G.~S. and {Jeong}, M. and {Jero}, K. and
         {Jones}, B.~J.~P. and {Kang}, W. and {Kappes}, A. and {Kappesser}, D. and
         {Karg}, T. and {Karl}, M. and {Karle}, A. and {Katz}, U. and
         {Kauer}, M. and {Keivani}, A. and {Kelley}, J.~L. and {Kheirand
        ish}, A. and {Kim}, J. and {Kintscher}, T. and {Kiryluk}, J. and
         {Kittler}, T. and {Klein}, S.~R. and {Koirala}, R. and {Kolanoski}, H. and
         {K{\"o}pke}, L. and {Kopper}, C. and {Kopper}, S. and
         {Koskinen}, D.~J. and {Kowalski}, M. and {Krings}, K. and
         {Kr{\"u}ckl}, G. and {Kulacz}, N. and {Kunwar}, S. and {Kurahashi}, N. and
         {Kyriacou}, A. and {Labare}, M. and {Lanfranchi}, J.~L. and
         {Larson}, M.~J. and {Lauber}, F. and {Lazar}, J.~P. and {Leonard}, K. and
         {Leuermann}, M. and {Liu}, Q.~R. and {Lohfink}, E. and
         {Lozano Mariscal}, C.~J. and {Lu}, L. and {Lucarelli}, F. and
         {L{\"u}nemann}, J. and {Luszczak}, W. and {Madsen}, J. and {Maggi}, G. and
         {Mahn}, K.~B.~M. and {Makino}, Y. and {Mallot}, K. and {Mancina}, S. and
         {Mari{\textcommabelow s}}, I.~C. and {Maruyama}, R. and {Mase}, K. and
         {Maunu}, R. and {Meagher}, K. and {Medici}, M. and {Medina}, A. and
         {Meier}, M. and {Meighen-Berger}, S. and {Menne}, T. and {Merino}, G. and
         {Meures}, T. and {Miarecki}, S. and {Micallef}, J. and
         {Moment{\'e}}, G. and {Montaruli}, T. and {Moore}, R.~W. and
         {Moulai}, M. and {Nagai}, R. and {Nahnhauer}, R. and {Nakarmi}, P. and
         {Naumann}, U. and {Neer}, G. and {Niederhausen}, H. and
         {Nowicki}, S.~C. and {Nygren}, D.~R. and {Obertacke Pollmann}, A. and
         {Olivas}, A. and {O'Murchadha}, A. and {O'Sullivan}, E. and
         {Palczewski}, T. and {Pandya}, H. and {Pankova}, D.~V. and {Park}, N. and
         {Peiffer}, P. and {P{\'e}rez de los Heros}, C. and {Pieloth}, D. and
         {Pinat}, E. and {Pizzuto}, A. and {Plum}, M. and {Price}, P.~B. and
         {Przybylski}, G.~T. and {Raab}, C. and {Raissi}, A. and {Rameez}, M. and
         {Rauch}, L. and {Rawlins}, K. and {Rea}, I.~C. and {Reimann}, R. and
         {Relethford}, B. and {Renzi}, G. and {Resconi}, E. and {Rhode}, W. and
         {Richman}, M. and {Robertson}, S. and {Rongen}, M. and {Rott}, C. and
         {Ruhe}, T. and {Ryckbosch}, D. and {Rysewyk}, D. and {Safa}, I. and
         {Sanchez Herrera}, S.~E. and {Sandrock}, A. and {Sandroos}, J. and
         {Santander}, M. and {Sarkar}, S. and {Sarkar}, S. and {Satalecka}, K. and
         {Schaufel}, M. and {Schlunder}, P. and {Schmidt}, T. and
         {Schneider}, A. and {Schneider}, J. and {Schumacher}, L. and
         {Sclafani}, S. and {Seckel}, D. and {Seunarine}, S. and {Silva}, M. and
         {Snihur}, R. and {Soedingrekso}, J. and {Soldin}, D. and {Song}, M. and
         {Spiczak}, G.~M. and {Spiering}, C. and {Stachurska}, J. and
         {Stamatikos}, M. and {Stanev}, T. and {Stasik}, A. and {Stein}, R. and
         {Stettner}, J. and {Steuer}, A. and {Stezelberger}, T. and
         {Stokstad}, R.~G. and {St{\"o}{\ss}l}, A. and {Strotjohann}, N.~L. and
         {Stuttard}, T. and {Sullivan}, G.~W. and {Sutherland}, M. and
         {Taboada}, I. and {Tenholt}, F. and {Ter-Antonyan}, S. and
         {Terliuk}, A. and {Tilav}, S. and {Tomankova}, L. and {T{\"o}nnis}, C. and
         {Toscano}, S. and {Tosi}, D. and {Tselengidou}, M. and {Tung}, C.~F. and
         {Turcati}, A. and {Turcotte}, R. and {Turley}, C.~F. and {Ty}, B. and
         {Unger}, E. and {Unland Elorrieta}, M.~A. and {Usner}, M. and {Vand
        enbroucke}, J. and {Van Driessche}, W. and {van Eijk}, D. and
         {van Eijndhoven}, N. and {Vanheule}, S. and {van Santen}, J. and
         {Vraeghe}, M. and {Walck}, C. and {Wallace}, A. and {Wallraff}, M. and
         {Wandkowsky}, N. and {Watson}, T.~B. and {Weaver}, C. and
         {Weiss}, M.~J. and {Weldert}, J. and {Wendt}, C. and {Werthebach}, J. and
         {Westerhoff}, S. and {Whelan}, B.~J. and {Whitehorn}, N. and
         {Wiebe}, K. and {Wiebusch}, C.~H. and {Wille}, L. and
         {Williams}, D.~R. and {Wills}, L. and {Wolf}, M. and {Wood}, J. and
         {Wood}, T.~R. and {Woschnagg}, K. and {Wrede}, G. and {Xu}, D.~L. and
         {Xu}, X.~W. and {Xu}, Y. and {Yanez}, J.~P. and {Yodh}, G. and
         {Yoshida}, S. and {Yuan}, T. and {Nordin}, J.},
        title = "{Search for transient optical counterparts to high-energy IceCube neutrinos with Pan-STARRS1}",
      journal = {arXiv e-prints},
     keywords = {Astrophysics - High Energy Astrophysical Phenomena},
         year = "2019",
        month = "Jan",
          eid = {arXiv:1901.11080},
        pages = {arXiv:1901.11080},
archivePrefix = {arXiv},
       eprint = {1901.11080},
 primaryClass = {astro-ph.HE},
       adsurl = {https://ui.adsabs.harvard.edu/abs/2019arXiv190111080K},
      adsnote = {Provided by the SAO/NASA Astrophysics Data System}
}



@ARTICLE{2017ApJ...837..153A,
       author = {{Alexander}, K.~D. and {Wieringa}, M.~H. and {Berger}, E. and
         {Saxton}, R.~D. and {Komossa}, S.},
        title = "{Radio Observations of the Tidal Disruption Event XMMSL1 J0740-85}",
      journal = {\apj},
     keywords = {accretion, accretion disks, black hole physics, galaxies: nuclei, radiation mechanisms: non-thermal, radio continuum: galaxies, relativistic processes, Astrophysics - High Energy Astrophysical Phenomena, Astrophysics - Astrophysics of Galaxies},
         year = "2017",
        month = "Mar",
       volume = {837},
       number = {2},
          eid = {153},
        pages = {153},
          doi = {10.3847/1538-4357/aa6192},
archivePrefix = {arXiv},
       eprint = {1610.03861},
 primaryClass = {astro-ph.HE},
       adsurl = {https://ui.adsabs.harvard.edu/abs/2017ApJ...837..153A},
      adsnote = {Provided by the SAO/NASA Astrophysics Data System}
}





@ARTICLE{meszaros01,
       author = {{M{\'e}sz{\'a}ros}, Peter and {Waxman}, Eli},
        title = "{TeV Neutrinos from Successful and Choked Gamma-Ray Bursts}",
      journal = {\prl},
     keywords = {Astrophysics, High Energy Physics - Phenomenology},
         year = "2001",
        month = "Oct",
       volume = {87},
       number = {17},
          eid = {171102},
        pages = {171102},
          doi = {10.1103/PhysRevLett.87.171102},
archivePrefix = {arXiv},
       eprint = {astro-ph/0103275},
 primaryClass = {astro-ph},
       adsurl = {https://ui.adsabs.harvard.edu/abs/2001PhRvL..87q1102M},
      adsnote = {Provided by the SAO/NASA Astrophysics Data System}
}



@ARTICLE{petropoulou15,
       author = {{Petropoulou}, M. and {Dimitrakoudis}, S. and {Padovani}, P. and
         {Mastichiadis}, A. and {Resconi}, E.},
        title = "{Photohadronic origin of {\ensuremath{\gamma}} -ray BL Lac emission: implications for IceCube neutrinos}",
      journal = {\mnras},
     keywords = {astroparticle physics, neutrinos, radiation mechanisms: non-thermal, Astrophysics - High Energy Astrophysical Phenomena},
         year = "2015",
        month = "Apr",
       volume = {448},
       number = {3},
        pages = {2412-2429},
          doi = {10.1093/mnras/stv179},
archivePrefix = {arXiv},
       eprint = {1501.07115},
 primaryClass = {astro-ph.HE},
       adsurl = {https://ui.adsabs.harvard.edu/abs/2015MNRAS.448.2412P},
      adsnote = {Provided by the SAO/NASA Astrophysics Data System}
}





@incollection{Murase:2015ndr,
      author         = "Murase, Kohta",
      title          = "{Active Galactic Nuclei as High-Energy Neutrino Sources}",
      editor         = "Gaisser, Thomas and Karle, Albrecht",
      booktitle      = "Neutrino Astronomy: Current Status, Future Prospects",
      year           = "2017",
      pages          = "15-31",
      doi            = "10.1142/9789814759410_0002",
      eprint         = "1511.01590",
      archivePrefix  = "arXiv",
      primaryClass   = "astro-ph.HE",
      SLACcitation   = "%%CITATION = ARXIV:1511.01590;%%"
}


@ARTICLE{mucke03,
   author = {{M{\"u}cke}, A. and {Protheroe}, R.~J. and {Engel}, R. and {Rachen}, J.~P. and 
	{Stanev}, T.},
    title = "{BL Lac objects in the synchrotron proton blazar model}",
  journal = {Astroparticle Physics},
   eprint = {astro-ph/0206164},
     year = 2003,
    month = mar,
   volume = 18,
    pages = {593-613},
      doi = {10.1016/S0927-6505(02)00185-8},
   adsurl = {http://adsabs.harvard.edu/abs/2003APh....18..593M},
  adsnote = {Provided by the SAO/NASA Astrophysics Data System}
}


@ARTICLE{1991PhRvL..66.2697S,
   author = {{Stecker}, F.~W. and {Done}, C. and {Salamon}, M.~H. and {Sommers}, P.
	},
    title = "{High-energy neutrinos from active galactic nuclei}",
  journal = {Physical Review Letters},
 keywords = {Accretion Disks, Active Galactic Nuclei, Neutrinos, Particle Energy, Energy Spectra, Ultraviolet Astronomy, X Ray Astronomy},
     year = 1991,
    month = may,
   volume = 66,
    pages = {2697-2700},
      doi = {10.1103/PhysRevLett.66.2697},
   adsurl = {http://adsabs.harvard.edu/abs/1991PhRvL..66.2697S},
  adsnote = {Provided by the SAO/NASA Astrophysics Data System}
}

@ARTICLE{1993A&A...269...67M,
   author = {{Mannheim}, K.},
    title = "{The proton blazar}",
  journal = {\aap},
   eprint = {astro-ph/9302006},
 keywords = {Blazars, Extragalactic Radio Sources, Gamma Ray Astronomy, Proton Density (Concentration), Bl Lacertae Objects, Radio Astronomy, X Ray Astronomy},
     year = 1993,
    month = mar,
   volume = 269,
    pages = {67-76},
   adsurl = {http://adsabs.harvard.edu/abs/1993A%26A...269...67M},
  adsnote = {Provided by the SAO/NASA Astrophysics Data System}
}

@ARTICLE{szabo94,
   author = {{Szabo}, A.~P. and {Protheroe}, R.~J.},
    title = "{Implications of particle acceleration in active galactic nuclei for cosmic rays and high energy neutrino astronomy}",
  journal = {Astroparticle Physics},
   eprint = {astro-ph/9405020},
     year = 1994,
    month = oct,
   volume = 2,
    pages = {375-392},
      doi = {10.1016/0927-6505(94)90027-2},
   adsurl = {http://adsabs.harvard.edu/abs/1994APh.....2..375S},
  adsnote = {Provided by the SAO/NASA Astrophysics Data System}
}

@ARTICLE{protheroe03,
   author = {{Protheroe}, R.~J. and {Donea}, A.-C. and {Reimer}, A.},
    title = "{TeV {$\gamma$}-rays and cosmic rays from the nucleus of M87, a mis-aligned BL Lac object}",
  journal = {Astroparticle Physics},
   eprint = {astro-ph/0210249},
     year = 2003,
    month = jul,
   volume = 19,
    pages = {559-568},
      doi = {10.1016/S0927-6505(02)00268-2},
   adsurl = {http://adsabs.harvard.edu/abs/2003APh....19..559P},
  adsnote = {Provided by the SAO/NASA Astrophysics Data System}
}

@ARTICLE{mastichiadis96,
   author = {{Mastichiadis}, A.},
    title = "{The Hadronic Model of Active Galactic Nuclei}",
  journal = {\ssr},
     year = 1996,
    month = jan,
   volume = 75,
    pages = {317-329},
      doi = {10.1007/BF00195042},
   adsurl = {http://adsabs.harvard.edu/abs/1996SSRv...75..317M},
  adsnote = {Provided by the SAO/NASA Astrophysics Data System}
}



@ARTICLE{mannheim92,
   author = {{Mannheim}, K. and {Stanev}, T. and {Biermann}, P.~L.},
    title = "{Neutrinos from flat-spectrum radio quasars}",
  journal = {\aap},
 keywords = {Gamma Ray Spectra, Neutrinos, Quasars, Radiant Flux Density, Radio Jets (Astronomy), Particle Acceleration, Particle Flux Density, Particle Theory},
     year = 1992,
    month = jul,
   volume = 260,
    pages = {L1-L3},
   adsurl = {http://adsabs.harvard.edu/abs/1992A%26A...260L...1M},
  adsnote = {Provided by the SAO/NASA Astrophysics Data System}
}

@ARTICLE{1995APh.....3..295M,
   author = {{Mannheim}, K.},
    title = "{High-energy neutrinos from extragalactic jets}",
  journal = {Astroparticle Physics},
     year = 1995,
    month = may,
   volume = 3,
    pages = {295-302},
      doi = {10.1016/0927-6505(94)00044-4},
   adsurl = {http://adsabs.harvard.edu/abs/1995APh.....3..295M},
  adsnote = {Provided by the SAO/NASA Astrophysics Data System}
}


@ARTICLE{2017ApJ...838....3S,
       author = {{Senno}, Nicholas and {Murase}, Kohta and {M{\'e}sz{\'a}ros}, Peter},
        title = "{High-energy Neutrino Flares from X-Ray Bright and Dark Tidal Disruption Events}",
      journal = {\apj},
     keywords = {astroparticle physics, black hole physics, neutrinos, X-rays: bursts, Astrophysics - High Energy Astrophysical Phenomena},
         year = 2017,
        month = mar,
       volume = {838},
       number = {1},
          eid = {3},
        pages = {3},
          doi = {10.3847/1538-4357/aa6344},
archivePrefix = {arXiv},
       eprint = {1612.00918},
 primaryClass = {astro-ph.HE},
       adsurl = {https://ui.adsabs.harvard.edu/abs/2017ApJ...838....3S},
      adsnote = {Provided by the SAO/NASA Astrophysics Data System}
}



@article{Zhang:2017hom,
      author         = "Zhang, B. Theodore and Murase, Kohta and Oikonomou,
                        Foteini and Li, Zhuo",
      title          = "{High-energy cosmic ray nuclei from tidal disruption
                        events: Origin, survival, and implications}",
      journal        = "Phys. Rev.",
      volume         = "D96",
      year           = "2017",
      number         = "6",
      pages          = "063007",
      doi            = "10.1103/PhysRevD.96.063007, 10.1103/PhysRevD.96.069902",
      note           = "[Addendum: Phys. Rev.D96,no.6,069902(2017)]",
      eprint         = "1706.00391",
      archivePrefix  = "arXiv",
      primaryClass   = "astro-ph.HE",
      SLACcitation   = "%%CITATION = ARXIV:1706.00391;%%"
}




@ARTICLE{2018PrPNP.102...73A,
       author = {{Ahlers}, Markus and {Halzen}, Francis},
        title = "{Opening a new window onto the universe with IceCube}",
      journal = {Progress in Particle and Nuclear Physics},
     keywords = {Neutrino astronomy, Multimessenger astronomy, Neutrino sources, Astrophysics - High Energy Astrophysical Phenomena, High Energy Physics - Phenomenology},
         year = "2018",
        month = "Sep",
       volume = {102},
        pages = {73-88},
          doi = {10.1016/j.ppnp.2018.05.001},
archivePrefix = {arXiv},
       eprint = {1805.11112},
 primaryClass = {astro-ph.HE},
       adsurl = {https://ui.adsabs.harvard.edu/abs/2018PrPNP.102...73A},
      adsnote = {Provided by the SAO/NASA Astrophysics Data System}
}



@ARTICLE{2012ApJ...753...77C,
       author = {{Cenko}, S. Bradley and {Krimm}, Hans A. and {Horesh}, Assaf and
         {Rau}, Arne and {Frail}, Dale A. and {Kennea}, Jamie A. and
         {Levan}, Andrew J. and {Holland}, Stephen T. and
         {Butler}, Nathaniel R. and {Quimby}, Robert M. and {Bloom}, Joshua S. and
         {Filippenko}, Alexei V. and {Gal-Yam}, Avishay and {Greiner}, Jochen and
         {Kulkarni}, S.~R. and {Ofek}, Eran O. and {Olivares E.}, Felipe and
         {Schady}, Patricia and {Silverman}, Jeffrey M. and {Tanvir}, Nial R. and
         {Xu}, Dong},
        title = "{Swift J2058.4+0516: Discovery of a Possible Second Relativistic Tidal Disruption Flare?}",
      journal = {\apj},
     keywords = {accretion, accretion disks, black hole physics, galaxies: nuclei, X-rays: bursts, X-rays: individual: Sw J1644+57, Astrophysics - High Energy Astrophysical Phenomena},
         year = "2012",
        month = "Jul",
       volume = {753},
       number = {1},
          eid = {77},
        pages = {77},
          doi = {10.1088/0004-637X/753/1/77},
archivePrefix = {arXiv},
       eprint = {1107.5307},
 primaryClass = {astro-ph.HE},
       adsurl = {https://ui.adsabs.harvard.edu/abs/2012ApJ...753...77C},
      adsnote = {Provided by the SAO/NASA Astrophysics Data System}
}



@ARTICLE{2011Sci...333..203B,
       author = {{Bloom}, Joshua S. and {Giannios}, Dimitrios and {Metzger}, Brian D. and
         {Cenko}, S. Bradley and {Perley}, Daniel A. and {Butler}, Nathaniel R. and
         {Tanvir}, Nial R. and {Levan}, Andrew J. and {O'Brien}, Paul T. and
         {Strubbe}, Linda E. and {De Colle}, Fabio and {Ramirez-Ruiz}, Enrico and
         {Lee}, William H. and {Nayakshin}, Sergei and {Quataert}, Eliot and
         {King}, Andrew R. and {Cucchiara}, Antonino and {Guillochon}, James and
         {Bower}, Geoffrey C. and {Fruchter}, Andrew S. and {Morgan}, Adam N. and
         {van der Horst}, Alexander J.},
        title = "{A Possible Relativistic Jetted Outburst from a Massive Black Hole Fed by a Tidally Disrupted Star}",
      journal = {Science},
     keywords = {ASTRONOMY, Astrophysics - High Energy Astrophysical Phenomena, Astrophysics - Cosmology and Nongalactic Astrophysics},
         year = "2011",
        month = "Jul",
       volume = {333},
       number = {6039},
        pages = {203},
          doi = {10.1126/science.1207150},
archivePrefix = {arXiv},
       eprint = {1104.3257},
 primaryClass = {astro-ph.HE},
       adsurl = {https://ui.adsabs.harvard.edu/abs/2011Sci...333..203B},
      adsnote = {Provided by the SAO/NASA Astrophysics Data System}
}



@article{Alexander_2017,
   title={Radio Observations of the Tidal Disruption Event XMMSL1 J0740–85},
   volume={837},
   ISSN={1538-4357},
   url={http://dx.doi.org/10.3847/1538-4357/aa6192},
   DOI={10.3847/1538-4357/aa6192},
   number={2},
   journal={The Astrophysical Journal},
   publisher={American Astronomical Society},
   author={Alexander, K. D. and Wieringa, M. H. and Berger, E. and Saxton, R. D. and Komossa, S.},
   year={2017},
   month={Mar},
   pages={153}
}


@ARTICLE{2016ApJ...819L..25A,
       author = {{Alexander}, K.~D. and {Berger}, E. and {Guillochon}, J. and
         {Zauderer}, B.~A. and {Williams}, P.~K.~G.},
        title = "{Discovery of an Outflow from Radio Observations of the Tidal Disruption Event ASASSN-14li}",
      journal = {\apjl},
     keywords = {accretion, accretion disks, black hole physics, galaxies: nuclei, radiation mechanisms: non-thermal, radio continuum: galaxies, relativistic processes, Astrophysics - High Energy Astrophysical Phenomena},
         year = 2016,
        month = mar,
       volume = {819},
       number = {2},
          eid = {L25},
        pages = {L25},
          doi = {10.3847/2041-8205/819/2/L25},
archivePrefix = {arXiv},
       eprint = {1510.01226},
 primaryClass = {astro-ph.HE},
       adsurl = {https://ui.adsabs.harvard.edu/abs/2016ApJ...819L..25A},
      adsnote = {Provided by the SAO/NASA Astrophysics Data System}
}





@ARTICLE{2019ATel12974....1S,
       author = {{Stein}, R. and {Franckowiak}, A. and {Kasliwal}, M.~M. and
         {Andreoni}, I. and {Coughlin}, M. and {Singer}, L.~P. and {Masci}, F. and
         {van Velzen}, S.},
        title = "{Optical follow-up of IceCube-190730A with ZTF}",
      journal = {The Astronomer's Telegram},
         year = "2019",
        month = "Jul",
       volume = {12974},
        pages = {1},
       adsurl = {https://ui.adsabs.harvard.edu/abs/2019ATel12974....1S},
      adsnote = {Provided by the SAO/NASA Astrophysics Data System}
}

@ARTICLE{2018ApJ...863L..10A,
       author = {{Ansoldi}, S. and {Antonelli}, L.~A. and {Arcaro}, C. and {Baack}, D. and
         {Babi{\'c}}, A. and {Banerjee}, B. and {Bangale}, P. and
         {Barres de Almeida}, U. and {Barrio}, J.~A. and
         {Becerra Gonz{\'a}lez}, J. and {Bednarek}, W. and {Bernardini}, E. and
         {Berse}, R. Ch. and {Berti}, A. and {Besenrieder}, J. and
         {Bhattacharyya}, W. and {Bigongiari}, C. and {Biland}, A. and
         {Blanch}, O. and {Bonnoli}, G. and {Carosi}, R. and {Ceribella}, G. and
         {Chatterjee}, A. and {Colak}, S.~M. and {Colin}, P. and {Colombo}, E. and
         {Contreras}, J.~L. and {Cortina}, J. and {Covino}, S. and {Cumani}, P. and
         {D'Elia}, V. and {Da Vela}, P. and {Dazzi}, F. and {De Angelis}, A. and
         {De Lotto}, B. and {Delfino}, M. and {Delgado}, J. and {Di Pierro}, F. and
         {Dom{\'\i}nguez}, A. and {Dominis Prester}, D. and {Dorner}, D. and
         {Doro}, M. and {Einecke}, S. and {Elsaesser}, D. and
         {Fallah Ramazani}, V. and {Fattorini}, A. and
         {Fern{\'a}ndez-Barral}, A. and {Ferrara}, G. and {Fidalgo}, D. and
         {Foffano}, L. and {Fonseca}, M.~V. and {Font}, L. and {Fruck}, C. and
         {Gallozzi}, S. and {Garc{\'\i}a L{\'o}pez}, R.~J. and
         {Garczarczyk}, M. and {Gaug}, M. and {Giammaria}, P. and
         {Godinovi{\'c}}, N. and {Guberman}, D. and {Hadasch}, D. and
         {Hahn}, A. and {Hassan}, T. and {Hayashida}, M. and {Herrera}, J. and
         {Hoang}, J. and {Hrupec}, D. and {Inoue}, S. and {Ishio}, K. and
         {Iwamura}, Y. and {Konno}, Y. and {Kubo}, H. and {Kushida}, J. and
         {Lamastra}, A. and {Lelas}, D. and {Leone}, F. and {Lindfors}, E. and
         {Lombardi}, S. and {Longo}, F. and {L{\'o}pez}, M. and {Maggio}, C. and
         {Majumdar}, P. and {Makariev}, M. and {Maneva}, G. and {Manganaro}, M. and
         {Mannheim}, K. and {Maraschi}, L. and {Mariotti}, M. and
         {Mart{\'\i}nez}, M. and {Masuda}, S. and {Mazin}, D. and {Mielke}, K. and
         {Minev}, M. and {Miranda}, J.~M. and {Mirzoyan}, R. and {Moralejo}, A. and
         {Moreno}, V. and {Moretti}, E. and {Neustroev}, V. and
         {Niedzwiecki}, A. and {Nievas Rosillo}, M. and {Nigro}, C. and
         {Nilsson}, K. and {Ninci}, D. and {Nishijima}, K. and {Noda}, K. and
         {Nogu{\'e}s}, L. and {Paiano}, S. and {Palacio}, J. and {Paneque}, D. and
         {Paoletti}, R. and {Paredes}, J.~M. and {Pedaletti}, G. and
         {Pe{\~n}il}, P. and {Peresano}, M. and {Persic}, M. and {Pfrang}, K. and
         {Prada Moroni}, P.~G. and {Prandini}, E. and {Puljak}, I. and
         {Garcia}, J.~R. and {Rhode}, W. and {Rib{\'o}}, M. and {Rico}, J. and
         {Righi}, C. and {Rugliancich}, A. and {Saha}, L. and {Saito}, T. and
         {Satalecka}, K. and {Schweizer}, T. and {Sitarek}, J. and
         {{\v{S}}nidari{\'c}}, I. and {Sobczynska}, D. and {Stamerra}, A. and
         {Strzys}, M. and {Suri{\'c}}, T. and {Tavecchio}, F. and
         {Temnikov}, P. and {Terzi{\'c}}, T. and {Teshima}, M. and
         {Torres-Alb{\'a}}, N. and {Tsujimoto}, S. and {Vanzo}, G. and
         {Vazquez Acosta}, M. and {Vovk}, I. and {Ward}, J.~E. and {Will}, M. and
         {Zari{\'c}}, D. and {Cerruti}, Matteo},
        title = "{The Blazar TXS 0506+056 Associated with a High-energy Neutrino: Insights into Extragalactic Jets and Cosmic-Ray Acceleration}",
      journal = {\apjl},
     keywords = {BL Lacertae objects: individual: TXS 0506+056, cosmic rays, galaxies: jets, gamma rays: galaxies, neutrinos, radiation mechanisms: non-thermal, Astrophysics - High Energy Astrophysical Phenomena},
         year = 2018,
        month = aug,
       volume = {863},
       number = {1},
          eid = {L10},
        pages = {L10},
          doi = {10.3847/2041-8213/aad083},
archivePrefix = {arXiv},
       eprint = {1807.04300},
 primaryClass = {astro-ph.HE},
       adsurl = {https://ui.adsabs.harvard.edu/abs/2018ApJ...863L..10A},
      adsnote = {Provided by the SAO/NASA Astrophysics Data System}
}



@ARTICLE{2018ApJ...864...84K,
       author = {{Keivani}, A. and {Murase}, K. and {Petropoulou}, M. and {Fox}, D.~B. and
         {Cenko}, S.~B. and {Chaty}, S. and {Coleiro}, A. and {DeLaunay}, J.~J. and
         {Dimitrakoudis}, S. and {Evans}, P.~A. and {Kennea}, J.~A. and
         {Marshall}, F.~E. and {Mastichiadis}, A. and {Osborne}, J.~P. and {Santand
        er}, M. and {Tohuvavohu}, A. and {Turley}, C.~F.},
        title = "{A Multimessenger Picture of the Flaring Blazar TXS 0506+056: Implications for High-energy Neutrino Emission and Cosmic-Ray Acceleration}",
      journal = {\apj},
     keywords = {BL Lacertae objects: general, BL Lacertae objects: individual: TXS 0506+056, galaxies: active, gamma rays: galaxies, neutrinos, radiation mechanisms: non-thermal, Astrophysics - High Energy Astrophysical Phenomena},
         year = 2018,
        month = sep,
       volume = {864},
       number = {1},
          eid = {84},
        pages = {84},
          doi = {10.3847/1538-4357/aad59a},
archivePrefix = {arXiv},
       eprint = {1807.04537},
 primaryClass = {astro-ph.HE},
       adsurl = {https://ui.adsabs.harvard.edu/abs/2018ApJ...864...84K},
      adsnote = {Provided by the SAO/NASA Astrophysics Data System}
}

@ARTICLE{2013MNRAS.436.1258H,
       author = {{Horesh}, Assaf and {Stockdale}, Christopher and {Fox}, Derek B. and
         {Frail}, Dale A. and {Carpenter}, John and {Kulkarni}, S.~R. and
         {Ofek}, Eran O. and {Gal-Yam}, Avishay and {Kasliwal}, Mansi M. and
         {Arcavi}, Iair and {Quimby}, Robert and {Cenko}, S. Bradley and
         {Nugent}, Peter E. and {Bloom}, Joshua S. and {Law}, Nicholas M. and
         {Poznanski}, Dovi and {Gorbikov}, Evgeny and {Polishook}, David and
         {Yaron}, Ofer and {Ryder}, Stuart and {Weiler}, Kurt W. and
         {Bauer}, Franz and {Van Dyk}, Schuyler D. and {Immler}, Stefan and
         {Panagia}, Nino and {Pooley}, Dave and {Kassim}, Namir},
        title = "{An early and comprehensive millimetre and centimetre wave and X-ray study of SN 2011dh: a non-equipartition blast wave expanding into a massive stellar wind}",
      journal = {\mnras},
     keywords = {supernovae: general, supernovae: individual: SN 2011dh, radio continuum: general, X-rays: general, Astrophysics - Cosmology and Nongalactic Astrophysics, Astrophysics - High Energy Astrophysical Phenomena, Astrophysics - Solar and Stellar Astrophysics},
         year = 2013,
        month = dec,
       volume = {436},
       number = {2},
        pages = {1258-1267},
          doi = {10.1093/mnras/stt1645},
archivePrefix = {arXiv},
       eprint = {1209.1102},
 primaryClass = {astro-ph.CO},
       adsurl = {https://ui.adsabs.harvard.edu/abs/2013MNRAS.436.1258H},
      adsnote = {Provided by the SAO/NASA Astrophysics Data System}
}



@article{ayala:gcn25936,
      author         = "Hugo {Ayala}",
      title          = "{IceCube-191001A: HAWC follow-up}",
      journal        = "GCN Circular",
      volume         = "25936", 
      year           = "2019",
}

@article{stein:gcn25929,
      author         = "Robert {Stein} and Anna {Franckowiak} and Jannis {Necker} and Suvi {Gezari}, Sjoert {van Velzen}",
      title          = "{IceCube-191001A: Candidate Counterparts with the Zwicky Transient Facility}",
      journal        = "GCN Circular",
      volume         = "25929", 
      year           = "2019",
}

@article{stein:gcn25824,
      author         = {{Stein}, Robert and {Franckowiak}, Anna and {Kowalski}, Marek and {Kasliwal}, Mansi},
      title          = "{IceCube-190922B: Identification of a Candidate Supernova from the Zwicky Transient Facility}",
      journal        = "GCN Circular",
      volume         = "25824", 
      year           = "2019",
}

@article{reusch:gcn26816,
      author         = "Simeon {Reusch} and Robert {Stein}",
      title          = "{IceCube-200117A: One Additional Candidate Counterpart from the Zwicky Transient Facility}",
      journal        = "GCN Circular",
      volume         = "26816", 
      year           = "2020",
}

@article{reusch:gcn26813,
      author         = "Simeon {Reusch} and Robert {Stein}",
      title          = "{IceCube-200117A: Candidate Counterpart from the Zwicky Transient Facility}",
      journal        = "GCN Circular",
      volume         = "26813", 
      year           = "2020",
}

@article{reusch:gcn26747,
      author         = "Simeon {Reusch} and Robert {Stein}",
      title          = "{IceCube-200109A: Candidate Counterparts from the Zwicky Transient Facility}",
      journal        = "GCN Circular",
      volume         = "26747", 
      year           = "2020",
}

@article{stein:gcn26667,
      author         = "Robert {Stein} and Simeon {Reusch}",
      title          = "{IceCube-200107A: No candidates from the Zwicky Transient Facility}",
      journal        = "GCN Circular",
      volume         = "26667", 
      year           = "2020",
}

@article{lagunas:gcn26802,
      author         = "{Lagunas Gualda}, C.",
      title          = "{IceCube-200117A: IceCube observation of a high-energy neutrino candidate event}",
      journal        = "GCN Circular",
      volume         = "26802", 
      year           = "2020",
}

@article{stein:gcn26655,
      author         = "{Stein}, R.",
      title          = "{IceCube-200107A: IceCube observation of a high-energy neutrino candidate event}",
      journal        = "GCN Circular",
      volume         = "26655", 
      year           = "2020",
}

@article{IC180423A,
      author         = "{Kopper}, C.",
      title          = "{Retraction of IceCube GCN/AMON NOTICE 71165249{\_}130949}",
      journal        = "GCN Circular",
      volume         = "22669", 
      year           = "2018",
}

@article{IC181031A,
      author         = "{Blaufuss}, E.",
      title          = "{IceCube-181031A retraction}",
      journal        = "GCN Circular",
      volume         = "23398", 
      year           = "2018",
}

@article{IC190205A,
      author         = "{Blaufuss}, E.",
      title          = "{Retraction of IceCube GCN/AMON NOTICE 36142391{\_}132143}",
      journal        = "GCN Circular",
      volume         = "23876", 
      year           = "2019",
}

@article{IC190529A,
      author         = "{Blaufuss}, E.",
      title          = "{IceCube 41485283{\_}132628.amon retraction}",
      journal        = "GCN Circular",
      volume         = "24674", 
      year           = "2019",
}

@article{IC180908A,
      author         = "{Blaufuss}, E.",
      title          = "{IceCube-180908A - IceCube observation of a high-energy neutrino candidate event}",
      journal        = "GCN Circular",
      volume         = "23214", 
      year           = "2018",
}

@article{IC181014A,
      author         = "{Taboada}, I.",
      title          = "{IceCube-181014A - IceCube observation of a high-energy neutrino candidate event}",
      journal        = "GCN Circular",
      volume         = "23338", 
      year           = "2018",
}

@article{IC190124A,
      author         = "{Blaufuss}, E.",
      title          = "{IceCube-190124A - IceCube observation of a high-energy neutrino candidate event}",
      journal        = "GCN Circular",
      volume         = "23785", 
      year           = "2019",
}

@article{IC190704A,
      author         = "{Santander}, M.",
      title          = "{IceCube-190704A - IceCube observation of a high-energy neutrino candidate event}",
      journal        = "GCN Circular",
      volume         = "24981", 
      year           = "2019",
}

@article{IC190712A,
      author         = "{Blaufuss}, E.",
      title          = "{IceCube-190712A - IceCube observation of a high-energy neutrino candidate event}",
      journal        = "GCN Circular",
      volume         = "25057", 
      year           = "2019",
}

@article{IC190819A,
      author         = "{Santander}, M.",
      title          = "{IceCube-190819A - IceCube observation of a high-energy neutrino candidate event}",
      journal        = "GCN Circular",
      volume         = "25402", 
      year           = "2019",
}

@article{IC191119A,
      author         = "{Blaufuss}, E.",
      title          = "{IceCube-191119A - IceCube observation of a high-energy neutrino candidate event}",
      journal        = "GCN Circular",
      volume         = "26258", 
      year           = "2019",
}

@article{IC200227A,
      author         = "{Stein}, R.",
      title          = "{IceCube-200227A: IceCube observation of a high-energy neutrino candidate event}",
      journal        = "GCN Circular",
      volume         = "27235", 
      year           = "2020",
}

@article{IC191215A,
      author         = "{Stein}, R.",
      title          = "{IceCube-191215A - IceCube observation of a high-energy neutrino candidate event}",
      journal        = "GCN Circular",
      volume         = "26435", 
      year           = "2019",
}

@article{IC190331A,
      author         = "{Kopper}, C.",
      title          = "{IceCube-190331A - IceCube observation of a high-energy neutrino candidate event}",
      journal        = "GCN Circular",
      volume         = "24028", 
      year           = "2019",
}

@article{IC190504A,
      author         = "{Kopper}, C.",
      title          = "{IceCube-190504A - IceCube observation of a high-energy neutrino candidate event}",
      journal        = "GCN Circular",
      volume         = "24392", 
      year           = "2019",
}

@article{IC190221A,
      author         = "{Taboada}, I.",
      title          = "{IceCube-190921A - IceCube observation of a high-energy neutrino candidate event}",
      journal        = "GCN Circular",
      volume         = "23918", 
      year           = "2019",
}

@article{IC190629A,
      author         = "{Blaufuss}, E.",
      title          = "{IceCube-190629A - IceCube observation of a high-energy neutrino candidate event}",
      journal        = "GCN Circular",
      volume         = "24910", 
      year           = "2019",
}

@article{IC190922A,
      author         = "{Stein}, R.",
      title          = "{IceCube-190922A - IceCube observation of a high-energy neutrino candidate event}",
      journal        = "GCN Circular",
      volume         = "25802", 
      year           = "2019",
}

@article{IC191122A,
      author         = "{Blaufuss}, E.",
      title          = "{IceCube-191122A - IceCube observation of a high-energy neutrino candidate event}",
      journal        = "GCN Circular",
      volume         = "26276", 
      year           = "2019",
}

@article{IC191204A,
      author         = "{Stein}, R.",
      title          = "{IceCube-191204A - IceCube observation of a high-energy neutrino candidate event}",
      journal        = "GCN Circular",
      volume         = "26341", 
      year           = "2019",
}

@article{IC191231A,
      author         = "{Santander}, M.",
      title          = "{IceCube-191231A: IceCube observation of a high-energy neutrino candidate event}",
      journal        = "GCN Circular",
      volume         = "26620", 
      year           = "2019",
}

@article{IC200120A_2,
      author         = "{Blaufuss}, E.",
      title          = "{IceCube-200120A: Event likely due to background}",
      journal        = "GCN Circular",
      volume         = "26874", 
      year           = "2020",
}

@article{IC200120A,
      author         = "{Lagunas Gualda}, C.",
      title          = "{IceCube-200120A: IceCube observation of a high-energy neutrino candidate event}",
      journal        = "GCN Circular",
      volume         = "26832", 
      year           = "2020",
}

@article{IC181023A,
      author         = "{Blaufuss}, E.",
      title          = "{IceCube-181023A - IceCube observation of a high-energy neutrino candidate event}",
      journal        = "GCN Circular",
      volume         = "23375", 
      year           = "2018",
}


@article{stein:gcn26696,
      author         = "{Stein}, R.",
      title          = "{IceCube-200109A: IceCube observation of a high-energy neutrino candidate event}",
      journal        = "GCN Circular",
      volume         = "26696", 
      year           = "2020",
}

@article{stein:gcn25225,
      author         = "{Stein}, R.",
      title          = "{IceCube-190730A - IceCube observation of a high-energy neutrino candidate event}",
      journal        = "GCN Circular",
      volume         = "25225", 
      year           = "2019",
}
@article{blaufuss:gcn25806,
      author         = "{Blaufuss}, Erik",
      title          = "{IceCube-190922B - IceCube observation of a high-energy neutrino candidate event}",
      journal        = "GCN Circular",
      volume         = "25806",
      year           = "2019",
}
@article{blaufuss:gcn24910,
      author         = "{Blaufuss}, Erik",
      title          = "{IceCube-190629A - IceCube observation of a high-energy neutrino candidate event}",
      journal        = "GCN Circular",
      volume         = "24910", 
      year           = "2019",
}
@article{blaufuss:gcn24378,
      author         = "{Blaufuss}, Erik",
      title          = "{IceCube-190503A - IceCube observation of a high-energy neutrino candidate event}",
      journal        = "GCN Circular",
      volume         = "24378",
      year           = "2019",
}

@article{stein:gcn25913,
      author         = "{Stein}, R.",
      title          = "{IceCube-191001A - IceCube observation of a high-energy neutrino candidate event}",
      journal        = "GCN Circular",
      volume         = "25913",
      year           = "2019",
      website        = {"https://gcn.gsfc.nasa.gov/gcn3/25913.gcn3"}
}

@ARTICLE{2019ATel12730....1S,
       author = {{Stein}, R. and {Franckowiak}, A. and {van Santen}, J. and {Rauch}, L. and
         {Kasliwal}, M.~M. and {Andreoni}, I. and {Ahumada}, Tomas and
         {Coughlin}, Michael and {Singer}, Leo P. and {Anand}, Shreya},
        title = "{Optical follow-up of IceCube-190503A with ZTF}",
      journal = {The Astronomer's Telegram},
         year = "2019",
        month = "May",
       volume = {12730},
        pages = {1},
       adsurl = {https://ui.adsabs.harvard.edu/abs/2019ATel12730....1S},
      adsnote = {Provided by the SAO/NASA Astrophysics Data System}
}

@article{Waxman_1997,
   title={High Energy Neutrinos from Cosmological Gamma-Ray Burst Fireballs},
   volume={78},
   ISSN={1079-7114},
   url={http://dx.doi.org/10.1103/PhysRevLett.78.2292},
   DOI={10.1103/physrevlett.78.2292},
   number={12},
   journal={Physical Review Letters},
   publisher={American Physical Society (APS)},
   author={{Waxman}, Eli and {Bahcall}, John},
   year={1997},
   month={Mar},
   pages={2292–2295}
}

@ARTICLE{2010AJ....140.1868W,
       author = {{Wright}, Edward L. and {Eisenhardt}, Peter R.~M. and {Mainzer}, Amy K. and
         {Ressler}, Michael E. and {Cutri}, Roc M. and {Jarrett}, Thomas and
         {Kirkpatrick}, J. Davy and {Padgett}, Deborah and
         {McMillan}, Robert S. and {Skrutskie}, Michael and {Stanford}, S.~A. and
         {Cohen}, Martin and {Walker}, Russell G. and {Mather}, John C. and
         {Leisawitz}, David and {Gautier}, Thomas N., III and {McLean}, Ian and
         {Benford}, Dominic and {Lonsdale}, Carol J. and {Blain}, Andrew and
         {Mendez}, Bryan and {Irace}, William R. and {Duval}, Valerie and
         {Liu}, Fengchuan and {Royer}, Don and {Heinrichsen}, Ingolf and
         {Howard}, Joan and {Shannon}, Mark and {Kendall}, Martha and
         {Walsh}, Amy L. and {Larsen}, Mark and {Cardon}, Joel G. and
         {Schick}, Scott and {Schwalm}, Mark and {Abid}, Mohamed and
         {Fabinsky}, Beth and {Naes}, Larry and {Tsai}, Chao-Wei},
        title = "{The Wide-field Infrared Survey Explorer (WISE): Mission Description and Initial On-orbit Performance}",
      journal = {\aj},
     keywords = {infrared: general, space vehicles, surveys, Astrophysics - Instrumentation and Methods for Astrophysics},
         year = "2010",
        month = "Dec",
       volume = {140},
       number = {6},
        pages = {1868-1881},
          doi = {10.1088/0004-6256/140/6/1868},
archivePrefix = {arXiv},
       eprint = {1008.0031},
 primaryClass = {astro-ph.IM},
       adsurl = {https://ui.adsabs.harvard.edu/abs/2010AJ....140.1868W},
      adsnote = {Provided by the SAO/NASA Astrophysics Data System}
}

@ARTICLE{2019ATel12752....1N,
       author = {{Nicholl}, M. and {Short}, P. and {Angus}, C. and {Muller}, T. and
         {Pursiainen}, M. and {Barbarino}, C. and {Dennefeld}, M. and
         {Williams}, S.~C. and {Perley}, D.~A. and {Benetti}, S. and
         {Anderson}, J. and {Chen}, T. -W. and {Inserra}, C. and {Yaron}, O. and
         {Young}, D.~R. and {Manulis}, I. and {Tonry}, J. and {Denneau}, L. and
         {Heinze}, A. and {Weiland}, H. and {Stalder}, B. and {Rest}, A. and
         {Smith}, K.~W. and {Smartt}, S.~J. and {McBrien}, O. and
         {Srivastav}, S.},
        title = "{ePESSTO+ classification of optical transients}",
      journal = {The Astronomer's Telegram},
     keywords = {Supernovae},
         year = "2019",
        month = "May",
       volume = {12752},
        pages = {1},
       adsurl = {https://ui.adsabs.harvard.edu/abs/2019ATel12752....1N},
      adsnote = {Provided by the SAO/NASA Astrophysics Data System}
}

@ARTICLE{2019ATel12798....1S,
       author = {{Sfaradi}, Itai and {Williams}, David and {Horesh}, Assaf and
         {Bright}, Joe and {Fender}, Rob and {Titterington}, David and
         {Green}, Dave and {Perrott}, Yvette},
        title = "{A possible radio detection of the TDE candidate AT2019DSG by AMI-LA}",
      journal = {The Astronomer's Telegram},
     keywords = {Transient, Tidal Disruption Event},
         year = "2019",
        month = "May",
       volume = {12798},
        pages = {1},
       adsurl = {https://ui.adsabs.harvard.edu/abs/2019ATel12798....1S},
      adsnote = {Provided by the SAO/NASA Astrophysics Data System}
}

@ARTICLE{2020arXiv200101409V,
       author = {{van Velzen}, Sjoert and {Gezari}, Suvi and {Hammerstein}, Erica and
         {Roth}, Nathaniel and {Frederick}, Sara and {Ward}, Charlotte and
         {Hung}, Tiara and {Cenko}, S. Bradley and {Stein}, Robert and
         {Perley}, Daniel A. and {Taggart}, Kirsty and {Sollerman}, Jesper and
         {Andreoni}, Igor and {Bellm}, Eric C. and {Brinnel}, Valery and
         {De}, Kishalay and {Dekany}, Richard and {Feeney}, Michael and
         {Foley}, Ryan J. and {Fremling}, Christoffer and {Giomi}, Matteo and
         {Golkhou}, V. Zach and {Ho}, Anna. Y.~Q. and {Kasliwal}, Mansi M. and
         {Kilpatrick}, Charles D. and {Kulkarni}, Shrinivas R. and
         {Kupfer}, Thomas and {Laher}, Russ R. and {Mahabal}, Ashish and
         {Masci}, Frank J. and {Nordin}, Jakob and {Riddle}, Reed and
         {Rusholme}, Ben and {Sharma}, Yashvi and {van Santen}, Jakob and
         {Shupe}, David L. and {Soumagnac}, Maayane T.},
        title = "{Seventeen Tidal Disruption Events from the First Half of ZTF Survey Observations: Entering a New Era of Population Studies}",
      journal = {arXiv e-prints},
     keywords = {Astrophysics - High Energy Astrophysical Phenomena, Astrophysics - Astrophysics of Galaxies},
         year = 2020,
        month = jan,
          eid = {arXiv:2001.01409},
        pages = {arXiv:2001.01409},
archivePrefix = {arXiv},
       eprint = {2001.01409},
 primaryClass = {astro-ph.HE},
       adsurl = {https://ui.adsabs.harvard.edu/abs/2020arXiv200101409V},
      adsnote = {Provided by the SAO/NASA Astrophysics Data System}
}




@ARTICLE{2019ApJ...878...82V,
       author = {{van Velzen}, Sjoert and {Stone}, Nicholas C. and {Metzger}, Brian D. and
         {Gezari}, Suvi and {Brown}, Thomas M. and {Fruchter}, Andrew S.},
        title = "{Late-time UV Observations of Tidal Disruption Flares Reveal Unobscured, Compact Accretion Disks}",
      journal = {\apj},
     keywords = {accretion, accretion disks, galaxies: active, galaxies: nuclei, quasars: supermassive black holes, ultraviolet: galaxies, Astrophysics - High Energy Astrophysical Phenomena, Astrophysics - Astrophysics of Galaxies},
         year = 2019,
        month = jun,
       volume = {878},
       number = {2},
          eid = {82},
        pages = {82},
          doi = {10.3847/1538-4357/ab1844},
archivePrefix = {arXiv},
       eprint = {1809.00003},
 primaryClass = {astro-ph.HE},
       adsurl = {https://ui.adsabs.harvard.edu/abs/2019ApJ...878...82V},
      adsnote = {Provided by the SAO/NASA Astrophysics Data System}
}





@ARTICLE{2019ATel12960....1P,
       author = {{Perez-Torres}, M. and {Moldon}, J. and {Mattila}, S. and {Alberdi}, A. and
         {Beswick}, R. and {Ryder}, S. and {Varenius}, E. and {Fraser}, M. and
         {Jonker}, P. and {Kankare}, E. and {Kool}, E.},
        title = "{Unambiguous radio detection of the tidal disruption event AT2019dsg with e-MERLIN}",
      journal = {The Astronomer's Telegram},
     keywords = {Transient, Tidal Disruption Event},
         year = "2019",
        month = "Jul",
       volume = {12960},
        pages = {1},
       adsurl = {https://ui.adsabs.harvard.edu/abs/2019ATel12960....1P},
      adsnote = {Provided by the SAO/NASA Astrophysics Data System}
}







@ARTICLE{2016arXiv161205560C,
       author = {{Chambers}, K.~C. and {Magnier}, E.~A. and {Metcalfe}, N. and
         {Flewelling}, H.~A. and {Huber}, M.~E. and {Waters}, C.~Z. and
         {Denneau}, L. and {Draper}, P.~W. and {Farrow}, D. and
         {Finkbeiner}, D.~P. and {Holmberg}, C. and {Koppenhoefer}, J. and
         {Price}, P.~A. and {Rest}, A. and {Saglia}, R.~P. and
         {Schlafly}, E.~F. and {Smartt}, S.~J. and {Sweeney}, W. and
         {Wainscoat}, R.~J. and {Burgett}, W.~S. and {Chastel}, S. and
         {Grav}, T. and {Heasley}, J.~N. and {Hodapp}, K.~W. and {Jedicke}, R. and
         {Kaiser}, N. and {Kudritzki}, R. -P. and {Luppino}, G.~A. and
         {Lupton}, R.~H. and {Monet}, D.~G. and {Morgan}, J.~S. and
         {Onaka}, P.~M. and {Shiao}, B. and {Stubbs}, C.~W. and {Tonry}, J.~L. and
         {White}, R. and {Ba{\~n}ados}, E. and {Bell}, E.~F. and {Bender}, R. and
         {Bernard}, E.~J. and {Boegner}, M. and {Boffi}, F. and
         {Botticella}, M.~T. and {Calamida}, A. and {Casertano}, S. and
         {Chen}, W. -P. and {Chen}, X. and {Cole}, S. and {Deacon}, N. and
         {Frenk}, C. and {Fitzsimmons}, A. and {Gezari}, S. and {Gibbs}, V. and
         {Goessl}, C. and {Goggia}, T. and {Gourgue}, R. and {Goldman}, B. and
         {Grant}, P. and {Grebel}, E.~K. and {Hambly}, N.~C. and {Hasinger}, G. and
         {Heavens}, A.~F. and {Heckman}, T.~M. and {Henderson}, R. and
         {Henning}, T. and {Holman}, M. and {Hopp}, U. and {Ip}, W. -H. and
         {Isani}, S. and {Jackson}, M. and {Keyes}, C.~D. and
         {Koekemoer}, A.~M. and {Kotak}, R. and {Le}, D. and {Liska}, D. and
         {Long}, K.~S. and {Lucey}, J.~R. and {Liu}, M. and {Martin}, N.~F. and
         {Masci}, G. and {McLean}, B. and {Mindel}, E. and {Misra}, P. and
         {Morganson}, E. and {Murphy}, D.~N.~A. and {Obaika}, A. and
         {Narayan}, G. and {Nieto-Santisteban}, M.~A. and {Norberg}, P. and
         {Peacock}, J.~A. and {Pier}, E.~A. and {Postman}, M. and {Primak}, N. and
         {Rae}, C. and {Rai}, A. and {Riess}, A. and {Riffeser}, A. and
         {Rix}, H.~W. and {R{\"o}ser}, S. and {Russel}, R. and {Rutz}, L. and
         {Schilbach}, E. and {Schultz}, A.~S.~B. and {Scolnic}, D. and
         {Strolger}, L. and {Szalay}, A. and {Seitz}, S. and {Small}, E. and
         {Smith}, K.~W. and {Soderblom}, D.~R. and {Taylor}, P. and
         {Thomson}, R. and {Taylor}, A.~N. and {Thakar}, A.~R. and {Thiel}, J. and
         {Thilker}, D. and {Unger}, D. and {Urata}, Y. and {Valenti}, J. and
         {Wagner}, J. and {Walder}, T. and {Walter}, F. and {Watters}, S.~P. and
         {Werner}, S. and {Wood-Vasey}, W.~M. and {Wyse}, R.},
        title = "{The Pan-STARRS1 Surveys}",
      journal = {arXiv e-prints},
     keywords = {Astrophysics - Instrumentation and Methods for Astrophysics, Astrophysics - Earth and Planetary Astrophysics, Astrophysics - Astrophysics of Galaxies, Astrophysics - Solar and Stellar Astrophysics},
         year = 2016,
        month = dec,
          eid = {arXiv:1612.05560},
        pages = {arXiv:1612.05560},
archivePrefix = {arXiv},
       eprint = {1612.05560},
 primaryClass = {astro-ph.IM},
       adsurl = {https://ui.adsabs.harvard.edu/abs/2016arXiv161205560C},
      adsnote = {Provided by the SAO/NASA Astrophysics Data System}
}


@ARTICLE{2018A&A...616A...1G,
       author = {{Gaia Collaboration} and {Brown}, A.~G.~A. and {Vallenari}, A. and
         {Prusti}, T. and {de Bruijne}, J.~H.~J. and {Babusiaux}, C. and
         {Bailer-Jones}, C.~A.~L. and {Biermann}, M. and {Evans}, D.~W. and
         {Eyer}, L. and {Jansen}, F. and {Jordi}, C. and {Klioner}, S.~A. and
         {Lammers}, U. and {Lindegren}, L. and {Luri}, X. and {Mignard}, F. and
         {Panem}, C. and {Pourbaix}, D. and {Randich}, S. and {Sartoretti}, P. and
         {Siddiqui}, H.~I. and {Soubiran}, C. and {van Leeuwen}, F. and
         {Walton}, N.~A. and {Arenou}, F. and {Bastian}, U. and {Cropper}, M. and
         {Drimmel}, R. and {Katz}, D. and {Lattanzi}, M.~G. and {Bakker}, J. and
         {Cacciari}, C. and {Casta{\~n}eda}, J. and {Chaoul}, L. and
         {Cheek}, N. and {De Angeli}, F. and {Fabricius}, C. and {Guerra}, R. and
         {Holl}, B. and {Masana}, E. and {Messineo}, R. and {Mowlavi}, N. and
         {Nienartowicz}, K. and {Panuzzo}, P. and {Portell}, J. and
         {Riello}, M. and {Seabroke}, G.~M. and {Tanga}, P. and
         {Th{\'e}venin}, F. and {Gracia-Abril}, G. and {Comoretto}, G. and
         {Garcia-Reinaldos}, M. and {Teyssier}, D. and {Altmann}, M. and
         {Andrae}, R. and {Audard}, M. and {Bellas-Velidis}, I. and
         {Benson}, K. and {Berthier}, J. and {Blomme}, R. and {Burgess}, P. and
         {Busso}, G. and {Carry}, B. and {Cellino}, A. and {Clementini}, G. and
         {Clotet}, M. and {Creevey}, O. and {Davidson}, M. and {De Ridder}, J. and
         {Delchambre}, L. and {Dell'Oro}, A. and {Ducourant}, C. and
         {Fern{\'a}ndez-Hern{\'a}ndez}, J. and {Fouesneau}, M. and
         {Fr{\'e}mat}, Y. and {Galluccio}, L. and {Garc{\'\i}a-Torres}, M. and
         {Gonz{\'a}lez-N{\'u}{\~n}ez}, J. and {Gonz{\'a}lez-Vidal}, J.~J. and
         {Gosset}, E. and {Guy}, L.~P. and {Halbwachs}, J. -L. and
         {Hambly}, N.~C. and {Harrison}, D.~L. and {Hern{\'a}ndez}, J. and
         {Hestroffer}, D. and {Hodgkin}, S.~T. and {Hutton}, A. and
         {Jasniewicz}, G. and {Jean-Antoine-Piccolo}, A. and {Jordan}, S. and
         {Korn}, A.~J. and {Krone-Martins}, A. and {Lanzafame}, A.~C. and
         {Lebzelter}, T. and {L{\"o}ffler}, W. and {Manteiga}, M. and
         {Marrese}, P.~M. and {Mart{\'\i}n-Fleitas}, J.~M. and {Moitinho}, A. and
         {Mora}, A. and {Muinonen}, K. and {Osinde}, J. and {Pancino}, E. and
         {Pauwels}, T. and {Petit}, J. -M. and {Recio-Blanco}, A. and
         {Richards}, P.~J. and {Rimoldini}, L. and {Robin}, A.~C. and
         {Sarro}, L.~M. and {Siopis}, C. and {Smith}, M. and {Sozzetti}, A. and
         {S{\"u}veges}, M. and {Torra}, J. and {van Reeven}, W. and {Abbas}, U. and
         {Abreu Aramburu}, A. and {Accart}, S. and {Aerts}, C. and
         {Altavilla}, G. and {{\'A}lvarez}, M.~A. and {Alvarez}, R. and
         {Alves}, J. and {Anderson}, R.~I. and {Andrei}, A.~H. and
         {Anglada Varela}, E. and {Antiche}, E. and {Antoja}, T. and
         {Arcay}, B. and {Astraatmadja}, T.~L. and {Bach}, N. and
         {Baker}, S.~G. and {Balaguer-N{\'u}{\~n}ez}, L. and {Balm}, P. and
         {Barache}, C. and {Barata}, C. and {Barbato}, D. and {Barblan}, F. and
         {Barklem}, P.~S. and {Barrado}, D. and {Barros}, M. and
         {Barstow}, M.~A. and {Bartholom{\'e} Mu{\~n}oz}, S. and
         {Bassilana}, J. -L. and {Becciani}, U. and {Bellazzini}, M. and
         {Berihuete}, A. and {Bertone}, S. and {Bianchi}, L. and
         {Bienaym{\'e}}, O. and {Blanco-Cuaresma}, S. and {Boch}, T. and
         {Boeche}, C. and {Bombrun}, A. and {Borrachero}, R. and {Bossini}, D. and
         {Bouquillon}, S. and {Bourda}, G. and {Bragaglia}, A. and
         {Bramante}, L. and {Breddels}, M.~A. and {Bressan}, A. and
         {Brouillet}, N. and {Br{\"u}semeister}, T. and {Brugaletta}, E. and
         {Bucciarelli}, B. and {Burlacu}, A. and {Busonero}, D. and
         {Butkevich}, A.~G. and {Buzzi}, R. and {Caffau}, E. and
         {Cancelliere}, R. and {Cannizzaro}, G. and {Cantat-Gaudin}, T. and
         {Carballo}, R. and {Carlucci}, T. and {Carrasco}, J.~M. and
         {Casamiquela}, L. and {Castellani}, M. and {Castro-Ginard}, A. and
         {Charlot}, P. and {Chemin}, L. and {Chiavassa}, A. and {Cocozza}, G. and
         {Costigan}, G. and {Cowell}, S. and {Crifo}, F. and {Crosta}, M. and
         {Crowley}, C. and {Cuypers}, J. and {Dafonte}, C. and {Damerdji}, Y. and
         {Dapergolas}, A. and {David}, P. and {David}, M. and {de Laverny}, P. and
         {De Luise}, F. and {De March}, R. and {de Martino}, D. and
         {de Souza}, R. and {de Torres}, A. and {Debosscher}, J. and
         {del Pozo}, E. and {Delbo}, M. and {Delgado}, A. and {Delgado}, H.~E. and
         {Di Matteo}, P. and {Diakite}, S. and {Diener}, C. and {Distefano}, E. and
         {Dolding}, C. and {Drazinos}, P. and {Dur{\'a}n}, J. and
         {Edvardsson}, B. and {Enke}, H. and {Eriksson}, K. and {Esquej}, P. and
         {Eynard Bontemps}, G. and {Fabre}, C. and {Fabrizio}, M. and
         {Faigler}, S. and {Falc{\~a}o}, A.~J. and {Farr{\`a}s Casas}, M. and
         {Federici}, L. and {Fedorets}, G. and {Fernique}, P. and
         {Figueras}, F. and {Filippi}, F. and {Findeisen}, K. and {Fonti}, A. and
         {Fraile}, E. and {Fraser}, M. and {Fr{\'e}zouls}, B. and {Gai}, M. and
         {Galleti}, S. and {Garabato}, D. and {Garc{\'\i}a-Sedano}, F. and
         {Garofalo}, A. and {Garralda}, N. and {Gavel}, A. and {Gavras}, P. and
         {Gerssen}, J. and {Geyer}, R. and {Giacobbe}, P. and {Gilmore}, G. and
         {Girona}, S. and {Giuffrida}, G. and {Glass}, F. and {Gomes}, M. and
         {Granvik}, M. and {Gueguen}, A. and {Guerrier}, A. and {Guiraud}, J. and
         {Guti{\'e}rrez-S{\'a}nchez}, R. and {Haigron}, R. and
         {Hatzidimitriou}, D. and {Hauser}, M. and {Haywood}, M. and
         {Heiter}, U. and {Helmi}, A. and {Heu}, J. and {Hilger}, T. and
         {Hobbs}, D. and {Hofmann}, W. and {Holland}, G. and {Huckle}, H.~E. and
         {Hypki}, A. and {Icardi}, V. and {Jan{\ss}en}, K. and
         {Jevardat de Fombelle}, G. and {Jonker}, P.~G. and
         {Juh{\'a}sz}, {\'A}. L. and {Julbe}, F. and {Karampelas}, A. and
         {Kewley}, A. and {Klar}, J. and {Kochoska}, A. and {Kohley}, R. and
         {Kolenberg}, K. and {Kontizas}, M. and {Kontizas}, E. and
         {Koposov}, S.~E. and {Kordopatis}, G. and {Kostrzewa-Rutkowska}, Z. and
         {Koubsky}, P. and {Lambert}, S. and {Lanza}, A.~F. and {Lasne}, Y. and
         {Lavigne}, J. -B. and {Le Fustec}, Y. and {Le Poncin-Lafitte}, C. and
         {Lebreton}, Y. and {Leccia}, S. and {Leclerc}, N. and
         {Lecoeur-Taibi}, I. and {Lenhardt}, H. and {Leroux}, F. and {Liao}, S. and
         {Licata}, E. and {Lindstr{\o}m}, H.~E.~P. and {Lister}, T.~A. and
         {Livanou}, E. and {Lobel}, A. and {L{\'o}pez}, M. and {Managau}, S. and
         {Mann}, R.~G. and {Mantelet}, G. and {Marchal}, O. and
         {Marchant}, J.~M. and {Marconi}, M. and {Marinoni}, S. and
         {Marschalk{\'o}}, G. and {Marshall}, D.~J. and {Martino}, M. and
         {Marton}, G. and {Mary}, N. and {Massari}, D. and
         {Matijevi{\v{c}}}, G. and {Mazeh}, T. and {McMillan}, P.~J. and
         {Messina}, S. and {Michalik}, D. and {Millar}, N.~R. and {Molina}, D. and
         {Molinaro}, R. and {Moln{\'a}r}, L. and {Montegriffo}, P. and
         {Mor}, R. and {Morbidelli}, R. and {Morel}, T. and {Morris}, D. and
         {Mulone}, A.~F. and {Muraveva}, T. and {Musella}, I. and
         {Nelemans}, G. and {Nicastro}, L. and {Noval}, L. and {O'Mullane}, W. and
         {Ord{\'e}novic}, C. and {Ord{\'o}{\~n}ez-Blanco}, D. and {Osborne}, P. and
         {Pagani}, C. and {Pagano}, I. and {Pailler}, F. and {Palacin}, H. and
         {Palaversa}, L. and {Panahi}, A. and {Pawlak}, M. and
         {Piersimoni}, A.~M. and {Pineau}, F. -X. and {Plachy}, E. and
         {Plum}, G. and {Poggio}, E. and {Poujoulet}, E. and {Pr{\v{s}}a}, A. and
         {Pulone}, L. and {Racero}, E. and {Ragaini}, S. and {Rambaux}, N. and
         {Ramos-Lerate}, M. and {Regibo}, S. and {Reyl{\'e}}, C. and
         {Riclet}, F. and {Ripepi}, V. and {Riva}, A. and {Rivard}, A. and
         {Rixon}, G. and {Roegiers}, T. and {Roelens}, M. and
         {Romero-G{\'o}mez}, M. and {Rowell}, N. and {Royer}, F. and
         {Ruiz-Dern}, L. and {Sadowski}, G. and {Sagrist{\`a} Sell{\'e}s}, T. and
         {Sahlmann}, J. and {Salgado}, J. and {Salguero}, E. and {Sanna}, N. and
         {Santana-Ros}, T. and {Sarasso}, M. and {Savietto}, H. and
         {Schultheis}, M. and {Sciacca}, E. and {Segol}, M. and
         {Segovia}, J.~C. and {S{\'e}gransan}, D. and {Shih}, I. -C. and
         {Siltala}, L. and {Silva}, A.~F. and {Smart}, R.~L. and {Smith}, K.~W. and
         {Solano}, E. and {Solitro}, F. and {Sordo}, R. and {Soria Nieto}, S. and
         {Souchay}, J. and {Spagna}, A. and {Spoto}, F. and {Stampa}, U. and
         {Steele}, I.~A. and {Steidelm{\"u}ller}, H. and {Stephenson}, C.~A. and
         {Stoev}, H. and {Suess}, F.~F. and {Surdej}, J. and {Szabados}, L. and
         {Szegedi-Elek}, E. and {Tapiador}, D. and {Taris}, F. and {Tauran}, G. and
         {Taylor}, M.~B. and {Teixeira}, R. and {Terrett}, D. and {Teyssand
        ier}, P. and {Thuillot}, W. and {Titarenko}, A. and {Torra Clotet}, F. and
         {Turon}, C. and {Ulla}, A. and {Utrilla}, E. and {Uzzi}, S. and
         {Vaillant}, M. and {Valentini}, G. and {Valette}, V. and
         {van Elteren}, A. and {Van Hemelryck}, E. and {van Leeuwen}, M. and
         {Vaschetto}, M. and {Vecchiato}, A. and {Veljanoski}, J. and
         {Viala}, Y. and {Vicente}, D. and {Vogt}, S. and {von Essen}, C. and
         {Voss}, H. and {Votruba}, V. and {Voutsinas}, S. and {Walmsley}, G. and
         {Weiler}, M. and {Wertz}, O. and {Wevers}, T. and {Wyrzykowski}, {\L}. and
         {Yoldas}, A. and {{\v{Z}}erjal}, M. and {Ziaeepour}, H. and
         {Zorec}, J. and {Zschocke}, S. and {Zucker}, S. and {Zurbach}, C. and
         {Zwitter}, T.},
        title = "{Gaia Data Release 2. Summary of the contents and survey properties}",
      journal = {\aap},
     keywords = {catalogs, astrometry, techniques: radial velocities, stars: fundamental parameters, stars: variables: general, minor planets, asteroids: general, Astrophysics - Astrophysics of Galaxies, Astrophysics - Instrumentation and Methods for Astrophysics},
         year = "2018",
        month = "Aug",
       volume = {616},
          eid = {A1},
        pages = {A1},
          doi = {10.1051/0004-6361/201833051},
archivePrefix = {arXiv},
       eprint = {1804.09365},
 primaryClass = {astro-ph.GA},
       adsurl = {https://ui.adsabs.harvard.edu/abs/2018A&A...616A...1G},
      adsnote = {Provided by the SAO/NASA Astrophysics Data System}
}



@ARTICLE{2019TNSTR.615....1N,
       author = {{Nordin}, J. and {Brinnel}, V. and {Giomi}, M. and {Santen}, J.~V. and
         {Gal-Yam}, A. and {Yaron}, O. and {Schulze}, S.},
        title = "{ZTF Transient Discovery Report for 2019-04-22}",
      journal = {Transient Name Server Discovery Report},
     keywords = {Transient, 2019dqk, AT2019dqk, AT 2019dqk, ZTF19aapbjcl, 2019dql, AT2019dql, AT 2019dql, ZTF19aapbjdl, 2019dqm, AT2019dqm, AT 2019dqm, ZTF19aaqbgpb, 2019dqn, AT2019dqn, AT 2019dqn, ZTF19aaqcpcw, 2019dqo, AT2019dqo, AT 2019dqo, ZTF17aadkayz, 2019dqp, AT2019dqp, AT 2019dqp, ZTF18aajeozl, 2019dqq, AT2019dqq, AT 2019dqq, ZTF18abldizg, 2019dqr, AT2019dqr, AT 2019dqr, ZTF18acgvzrr, 2019dqs, AT2019dqs, AT 2019dqs, ZTF18acussse, 2019dqt, AT2019dqt, AT 2019dqt, ZTF18adazpsi, 2019dqu, AT2019dqu, AT 2019dqu, ZTF19aanfhkb, 2019dqv, AT2019dqv, AT 2019dqv, ZTF19aanglav, 2019dqw, AT2019dqw, AT 2019dqw, ZTF19aaoximi, 2019dqx, AT2019dqx, AT 2019dqx, ZTF19aaoypqa, 2019dqy, AT2019dqy, AT 2019dqy, ZTF19aaozzao, 2019dqz, AT2019dqz, AT 2019dqz, ZTF19aapumut, 2019dra, AT2019dra, AT 2019dra, ZTF19aaputwy, 2019drb, AT2019drb, AT 2019drb, ZTF19aapxetu, 2019drc, AT2019drc, AT 2019drc, ZTF19aapxocr, 2019drd, AT2019drd, AT 2019drd, ZTF19aaqgwrt, 2019dre, AT2019dre, AT 2019dre, ZTF19aaqgxpy, 2019drf, AT2019drf, AT 2019drf, ZTF19aaqhelq, 2019drg, AT2019drg, AT 2019drg, ZTF19aaqwtbg, 2019drh, AT2019drh, AT 2019drh, ZTF19aaqwuwg, 2019dri, AT2019dri, AT 2019dri, ZTF19aaqwvdy, 2019drj, AT2019drj, AT 2019drj, ZTF19aaqxaqa, 2019drk, AT2019drk, AT 2019drk, ZTF19aaqxcfs, 2019drl, AT2019drl, AT 2019drl, ZTF19aaqxgun, 2019drm, AT2019drm, AT 2019drm, ZTF19aaqzfuu, 2019drn, AT2019drn, AT 2019drn, ZTF19aaqzgzx, 2019dro, AT2019dro, AT 2019dro, ZTF19aarfequ, 2019drp, AT2019drp, AT 2019drp, ZTF19aarfnto, 2019drq, AT2019drq, AT 2019drq, ZTF19aarfreu, 2019drr, AT2019drr, AT 2019drr, ZTF19aarhhui, 2019drs, AT2019drs, AT 2019drs, ZTF18aahnqdi, 2019drt, AT2019drt, AT 2019drt, ZTF18aaivfzq, 2019dru, AT2019dru, AT 2019dru, ZTF18abdjnsh, 2019drv, AT2019drv, AT 2019drv, ZTF18abobvfp, 2019drw, AT2019drw, AT 2019drw, ZTF18abtvhnx, 2019drx, AT2019drx, AT 2019drx, ZTF18abutand, 2019dry, AT2019dry, AT 2019dry, ZTF18acsvoox, 2019drz, AT2019drz, AT 2019drz, ZTF19aaclmic, 2019dsa, AT2019dsa, AT 2019dsa, ZTF19aaetcsy, 2019dsb, AT2019dsb, AT 2019dsb, ZTF19aanxwrq, 2019dsc, AT2019dsc, AT 2019dsc, ZTF19aaoyjsq, 2019dsd, AT2019dsd, AT 2019dsd, ZTF19aapluiw, 2019dse, AT2019dse, AT 2019dse, ZTF19aaprcrq, 2019dsf, AT2019dsf, AT 2019dsf, ZTF19aaprdox, 2019dsg, AT2019dsg, AT 2019dsg, ZTF19aapreis, 2019dsh, AT2019dsh, AT 2019dsh, ZTF19aaqwwux, 2019dsi, AT2019dsi, AT 2019dsi, ZTF19aaqwwvh, 2019dsj, AT2019dsj, AT 2019dsj, ZTF19aaqxmmw, 2019dsk, AT2019dsk, AT 2019dsk, ZTF19aaqxncv, 2019dsl, AT2019dsl, AT 2019dsl, ZTF19aaqzfou, 2019dsm, AT2019dsm, AT 2019dsm, ZTF19aaratkw, 2019dsn, AT2019dsn, AT 2019dsn, ZTF19aaraued, 2019dso, AT2019dso, AT 2019dso, ZTF19aarhony, 2019dsp, AT2019dsp, AT 2019dsp, ZTF19aarhxbz, 2019dsq, AT2019dsq, AT 2019dsq, ZTF19aarhxgn, 2019dsr, AT2019dsr, AT 2019dsr, ZTF19aarhxzw, 2019dss, AT2019dss, AT 2019dss, ZTF19aarhzen, 2019dst, AT2019dst, AT 2019dst, ZTF18aahsitf, 2019dsu, AT2019dsu, AT 2019dsu, ZTF18acbwafg, 2019dsv, AT2019dsv, AT 2019dsv, ZTF18accnimw, 2019dsw, AT2019dsw, AT 2019dsw, ZTF19aapffst, 2019dsx, AT2019dsx, AT 2019dsx, ZTF19aapgdcn, 2019dsy, AT2019dsy, AT 2019dsy, ZTF19aaqdrtb, 2019dsz, AT2019dsz, AT 2019dsz, ZTF19aaqfchx, 2019dta, AT2019dta, AT 2019dta, ZTF19aaqrmtz, 2019dtb, AT2019dtb, AT 2019dtb, ZTF19aarflsx, 2019dtc, AT2019dtc, AT 2019dtc, ZTF19aargpgq, 2019dtd, AT2019dtd, AT 2019dtd, ZTF19aarihpp, 2019dte, AT2019dte, AT 2019dte, ZTF18abmjhju, 2019dtf, AT2019dtf, AT 2019dtf, ZTF18abmrerm, 2019dtg, AT2019dtg, AT 2019dtg, ZTF19aabzuir, 2019dth, AT2019dth, AT 2019dth, ZTF19aaqrmto},
         year = "2019",
        month = "Apr",
       volume = {2019-615},
        pages = {1},
       adsurl = {https://ui.adsabs.harvard.edu/abs/2019TNSTR.615....1N},
      adsnote = {Provided by the SAO/NASA Astrophysics Data System}
}


@ARTICLE{2019PASP..131c8002M,
       author = {{Mahabal}, Ashish and {Rebbapragada}, Umaa and {Walters}, Richard and
         {Masci}, Frank J. and {Blagorodnova}, Nadejda and {van Roestel}, Jan and
         {Ye}, Quan-Zhi and {Biswas}, Rahul and {Burdge}, Kevin and
         {Chang}, Chan-Kao and {Duev}, Dmitry A. and {Golkhou}, V. Zach and
         {Miller}, Adam A. and {Nordin}, Jakob and {Ward}, Charlotte and
         {Adams}, Scott and {Bellm}, Eric C. and {Branton}, Doug and
         {Bue}, Brian and {Cannella}, Chris and {Connolly}, Andrew and
         {Dekany}, Richard and {Feindt}, Ulrich and {Hung}, Tiara and
         {Fortson}, Lucy and {Frederick}, Sara and {Fremling}, C. and
         {Gezari}, Suvi and {Graham}, Matthew and {Groom}, Steven and
         {Kasliwal}, Mansi M. and {Kulkarni}, Shrinivas and {Kupfer}, Thomas and
         {Lin}, Hsing Wen and {Lintott}, Chris and {Lunnan}, Ragnhild and
         {Parejko}, John and {Prince}, Thomas A. and {Riddle}, Reed and
         {Rusholme}, Ben and {Saunders}, Nicholas and {Sedaghat}, Nima and
         {Shupe}, David L. and {Singer}, Leo P. and {Soumagnac}, Maayane T. and
         {Szkody}, Paula and {Tachibana}, Yutaro and {Tirumala}, Kushal and
         {van Velzen}, Sjoert and {Wright}, Darryl},
        title = "{Machine Learning for the Zwicky Transient Facility}",
      journal = {\pasp},
     keywords = {Astrophysics - Instrumentation and Methods for Astrophysics},
         year = "2019",
        month = "Mar",
       volume = {131},
       number = {997},
        pages = {038002},
          doi = {10.1088/1538-3873/aaf3fa},
archivePrefix = {arXiv},
       eprint = {1902.01936},
 primaryClass = {astro-ph.IM},
       adsurl = {https://ui.adsabs.harvard.edu/abs/2019PASP..131c8002M},
      adsnote = {Provided by the SAO/NASA Astrophysics Data System}
}

@ARTICLE{2018PASP..130l8001T,
       author = {{Tachibana}, Yutaro and {Miller}, A.~A.},
        title = "{A Morphological Classification Model to Identify Unresolved PanSTARRS1 Sources: Application in the ZTF Real-time Pipeline}",
      journal = {\pasp},
     keywords = {Astrophysics - Instrumentation and Methods for Astrophysics},
         year = "2018",
        month = "Dec",
       volume = {130},
       number = {994},
        pages = {128001},
          doi = {10.1088/1538-3873/aae3d9},
archivePrefix = {arXiv},
       eprint = {1902.01935},
 primaryClass = {astro-ph.IM},
       adsurl = {https://ui.adsabs.harvard.edu/abs/2018PASP..130l8001T},
      adsnote = {Provided by the SAO/NASA Astrophysics Data System}
}



@ARTICLE{2019PASP..131a8003M,
       author = {{Masci}, Frank J. and {Laher}, Russ R. and {Rusholme}, Ben and
         {Shupe}, David L. and {Groom}, Steven and {Surace}, Jason and
         {Jackson}, Edward and {Monkewitz}, Serge and {Beck}, Ron and
         {Flynn}, David and {Terek}, Scott and {Landry}, Walter and
         {Hacopians}, Eugean and {Desai}, Vandana and {Howell}, Justin and
         {Brooke}, Tim and {Imel}, David and {Wachter}, Stefanie and
         {Ye}, Quan-Zhi and {Lin}, Hsing-Wen and {Cenko}, S. Bradley and
         {Cunningham}, Virginia and {Rebbapragada}, Umaa and {Bue}, Brian and
         {Miller}, Adam A. and {Mahabal}, Ashish and {Bellm}, Eric C. and
         {Patterson}, Maria T. and {Juri{\'c}}, Mario and {Golkhou}, V. Zach and
         {Ofek}, Eran O. and {Walters}, Richard and {Graham}, Matthew and
         {Kasliwal}, Mansi M. and {Dekany}, Richard G. and {Kupfer}, Thomas and
         {Burdge}, Kevin and {Cannella}, Christopher B. and {Barlow}, Tom and
         {Van Sistine}, Angela and {Giomi}, Matteo and {Fremling}, Christoffer and
         {Blagorodnova}, Nadejda and {Levitan}, David and {Riddle}, Reed and
         {Smith}, Roger M. and {Helou}, George and {Prince}, Thomas A. and
         {Kulkarni}, Shrinivas R.},
        title = "{The Zwicky Transient Facility: Data Processing, Products, and Archive}",
      journal = {\pasp},
     keywords = {Astrophysics - Instrumentation and Methods for Astrophysics},
         year = "2019",
        month = "Jan",
       volume = {131},
       number = {995},
        pages = {018003},
          doi = {10.1088/1538-3873/aae8ac},
archivePrefix = {arXiv},
       eprint = {1902.01872},
 primaryClass = {astro-ph.IM},
       adsurl = {https://ui.adsabs.harvard.edu/abs/2019PASP..131a8003M},
      adsnote = {Provided by the SAO/NASA Astrophysics Data System}
}

@ARTICLE{2019PASP..131g8001G,
       author = {{Graham}, Matthew J. and {Kulkarni}, S.~R. and {Bellm}, Eric C. and
         {Adams}, Scott M. and {Barbarino}, Cristina and
         {Blagorodnova}, Nadejda and {Bodewits}, Dennis and {Bolin}, Bryce and
         {Brady}, Patrick R. and {Cenko}, S. Bradley and {Chang}, Chan-Kao and
         {Coughlin}, Michael W. and {De}, Kishalay and {Eadie}, Gwendolyn and
         {Farnham}, Tony L. and {Feindt}, Ulrich and {Franckowiak}, Anna and
         {Fremling}, Christoffer and {Gezari}, Suvi and {Ghosh}, Shaon and
         {Goldstein}, Daniel A. and {Golkhou}, V. Zach and {Goobar}, Ariel and
         {Ho}, Anna Y.~Q. and {Huppenkothen}, Daniela and
         {Ivezi{\'c}}, {\v{Z}}eljko and {Jones}, R. Lynne and {Juric}, Mario and
         {Kaplan}, David L. and {Kasliwal}, Mansi M. and
         {Kelley}, Michael S.~P. and {Kupfer}, Thomas and {Lee}, Chien-De and
         {Lin}, Hsing Wen and {Lunnan}, Ragnhild and {Mahabal}, Ashish A. and
         {Miller}, Adam A. and {Ngeow}, Chow-Choong and {Nugent}, Peter and
         {Ofek}, Eran O. and {Prince}, Thomas A. and {Rauch}, Ludwig and
         {van Roestel}, Jan and {Schulze}, Steve and {Singer}, Leo P. and
         {Sollerman}, Jesper and {Taddia}, Francesco and {Yan}, Lin and
         {Ye}, Quan-Zhi and {Yu}, Po-Chieh and {Barlow}, Tom and {Bauer}, James and
         {Beck}, Ron and {Belicki}, Justin and {Biswas}, Rahul and
         {Brinnel}, Valery and {Brooke}, Tim and {Bue}, Brian and
         {Bulla}, Mattia and {Burruss}, Rick and {Connolly}, Andrew and
         {Cromer}, John and {Cunningham}, Virginia and {Dekany}, Richard and
         {Delacroix}, Alex and {Desai}, Vandana and {Duev}, Dmitry A. and
         {Feeney}, Michael and {Flynn}, David and {Frederick}, Sara and
         {Gal-Yam}, Avishay and {Giomi}, Matteo and {Groom}, Steven and
         {Hacopians}, Eugean and {Hale}, David and {Helou}, George and
         {Henning}, John and {Hover}, David and {Hillenbrand}, Lynne A. and
         {Howell}, Justin and {Hung}, Tiara and {Imel}, David and
         {Ip}, Wing-Huen and {Jackson}, Edward and {Kaspi}, Shai and
         {Kaye}, Stephen and {Kowalski}, Marek and {Kramer}, Emily and
         {Kuhn}, Michael and {Landry}, Walter and {Laher}, Russ R. and
         {Mao}, Peter and {Masci}, Frank J. and {Monkewitz}, Serge and
         {Murphy}, Patrick and {Nordin}, Jakob and {Patterson}, Maria T. and
         {Penprase}, Bryan and {Porter}, Michael and {Rebbapragada}, Umaa and
         {Reiley}, Dan and {Riddle}, Reed and {Rigault}, Mickael and
         {Rodriguez}, Hector and {Rusholme}, Ben and {van Santen}, Jakob and
         {Shupe}, David L. and {Smith}, Roger M. and {Soumagnac}, Maayane T. and
         {Stein}, Robert and {Surace}, Jason and {Szkody}, Paula and
         {Terek}, Scott and {Van Sistine}, Angela and {van Velzen}, Sjoert and
         {Vestrand}, W. Thomas and {Walters}, Richard and {Ward}, Charlotte and
         {Zhang}, Chaoran and {Zolkower}, Jeffry},
        title = "{The Zwicky Transient Facility: Science Objectives}",
      journal = {\pasp},
     keywords = {Astrophysics - Instrumentation and Methods for Astrophysics, Astrophysics - High Energy Astrophysical Phenomena},
         year = "2019",
        month = "Jul",
       volume = {131},
       number = {1001},
        pages = {078001},
          doi = {10.1088/1538-3873/ab006c},
archivePrefix = {arXiv},
       eprint = {1902.01945},
 primaryClass = {astro-ph.IM},
       adsurl = {https://ui.adsabs.harvard.edu/abs/2019PASP..131g8001G},
      adsnote = {Provided by the SAO/NASA Astrophysics Data System}
}



@ARTICLE{2019PASP..131a8001P,
       author = {{Patterson}, Maria T. and {Bellm}, Eric C. and {Rusholme}, Ben and
         {Masci}, Frank J. and {Juric}, Mario and {Krughoff}, K. Simon and
         {Golkhou}, V. Zach and {Graham}, Matthew J. and
         {Kulkarni}, Shrinivas R. and {Helou}, George and
         {Zwicky Transient Facility Collaboration}},
        title = "{The Zwicky Transient Facility Alert Distribution System}",
      journal = {\pasp},
     keywords = {Astrophysics - Instrumentation and Methods for Astrophysics},
         year = "2019",
        month = "Jan",
       volume = {131},
       number = {995},
        pages = {018001},
          doi = {10.1088/1538-3873/aae904},
archivePrefix = {arXiv},
       eprint = {1902.02227},
 primaryClass = {astro-ph.IM},
       adsurl = {https://ui.adsabs.harvard.edu/abs/2019PASP..131a8001P},
      adsnote = {Provided by the SAO/NASA Astrophysics Data System}
}



@ARTICLE{2019A&A...631A.147N,
       author = {{Nordin}, J. and {Brinnel}, V. and {van Santen}, J. and {Bulla}, M. and
         {Feindt}, U. and {Franckowiak}, A. and {Fremling}, C. and
         {Gal-Yam}, A. and {Giomi}, M. and {Kowalski}, M. and {Mahabal}, A. and
         {Miranda}, N. and {Rauch}, L. and {Reusch}, S. and {Rigault}, M. and
         {Schulze}, S. and {Sollerman}, J. and {Stein}, R. and {Yaron}, O. and
         {van Velzen}, S. and {Ward}, C.},
        title = "{Transient processing and analysis using AMPEL: alert management, photometry, and evaluation of light curves}",
      journal = {\aap},
     keywords = {methods: data analysis, astronomical databases: miscellaneous, virtual observatory tools, supernovae: general, cosmology: observations, Astrophysics - Instrumentation and Methods for Astrophysics, Astrophysics - Cosmology and Nongalactic Astrophysics},
         year = "2019",
        month = "Nov",
       volume = {631},
          eid = {A147},
        pages = {A147},
          doi = {10.1051/0004-6361/201935634},
archivePrefix = {arXiv},
       eprint = {1904.05922},
 primaryClass = {astro-ph.IM},
       adsurl = {https://ui.adsabs.harvard.edu/abs/2019A&A...631A.147N},
      adsnote = {Provided by the SAO/NASA Astrophysics Data System}
}


@inproceedings{inproceedings,
author = {Picozza, Piergiorgio and Sparvoli, R. and Adriani, O. and Barbarino, G. and Bazilevskaya, Galina and Bellotti, Roberto and Boezio, M. and Bogomolov, Edward and Bonechi, Lorenzo and Bongi, M. and Bonvicini, V. and Borisov, S. and Bottai, S. and Bruno, Alessandro and Cafagna, F. and Campana, Donatella and Carbone, R. and Carlson, P. and Casolino, M. and Zverev, V.},
year = {2011},
month = {01},
pages = {200-206},
title = {COSMIC RAY STUDIES WITH PAMELA EXPERIMENT},
doi = {10.1142/9789814329682_0042}
}

@article{Rodrigues_2018,
	doi = {10.3847/1538-4357/aaa7ee},
	url = {https://doi.org/10.3847%2F1538-4357%2Faaa7ee},
	year = 2018,
	month = {feb},
	publisher = {American Astronomical Society},
	volume = {854},
	number = {1},
	pages = {54},
	author = {Xavier Rodrigues and Anatoli Fedynitch and Shan Gao and Denise Boncioli and Walter Winter},
	title = {Neutrinos and Ultra-high-energy Cosmic-ray Nuclei from Blazars},
	journal = {The Astrophysical Journal},
	abstract = {We discuss the production of ultra-high-energy cosmic-ray (UHECR) nuclei and neutrinos from blazars. We compute the nuclear cascade in the jet for both BL Lac objects and flat-spectrum radio quasars (FSRQs), and in the ambient radiation zones for FSRQs as well. By modeling representative spectral energy distributions along the blazar sequence, two distinct regimes are identified, which we call “nuclear survival” (typically found in low-luminosity BL Lacs) and “nuclear cascade” (typically found in high-luminosity FSRQs). We quantify how the neutrino and cosmic-ray (CR) emission efficiencies evolve over the blazar sequence, and we demonstrate that neutrinos and CRs come from very different object classes. For example, high-frequency-peaked BL Lacs (HBLs) tend to produce CRs, and high-luminosity FSRQs are the more efficient neutrino emitters. This conclusion does not depend on the CR escape mechanism, for which we discuss two alternatives (diffusive and advective escape). Finally, the neutrino spectrum from blazars is shown to significantly depend on the injection composition into the jet, especially in the nuclear cascade case: Injection compositions heavier than protons lead to reduced neutrino production at the peak, which moves at the same time to lower energies. Thus, these sources will exhibit better compatibility with the observed IceCube and UHECR data.}
}



@ARTICLE{2012arXiv1209.3114M,
       author = {{Merloni}, A. and {Predehl}, P. and {Becker}, W. and
         {B{\"o}hringer}, H. and {Boller}, T. and {Brunner}, H. and {Brusa}, M. and
         {Dennerl}, K. and {Freyberg}, M. and {Friedrich}, P. and
         {Georgakakis}, A. and {Haberl}, F. and {Hasinger}, G. and
         {Meidinger}, N. and {Mohr}, J. and {Nandra}, K. and {Rau}, A. and
         {Reiprich}, T.~H. and {Robrade}, J. and {Salvato}, M. and
         {Santangelo}, A. and {Sasaki}, M. and {Schwope}, A. and {Wilms}, J. and
         {German eROSITA Consortium}, the},
        title = "{eROSITA Science Book: Mapping the Structure of the Energetic Universe}",
      journal = {arXiv e-prints},
     keywords = {Astrophysics - High Energy Astrophysical Phenomena, Astrophysics - Cosmology and Extragalactic Astrophysics},
         year = 2012,
        month = sep,
          eid = {arXiv:1209.3114},
        pages = {arXiv:1209.3114},
archivePrefix = {arXiv},
       eprint = {1209.3114},
 primaryClass = {astro-ph.HE},
       adsurl = {https://ui.adsabs.harvard.edu/abs/2012arXiv1209.3114M},
      adsnote = {Provided by the SAO/NASA Astrophysics Data System}
}



@article{Sagiv:2013rma,
      author         = "Sagiv, I. and others",
      title          = "{Science with a wide-field UV transient explorer}",
      journal        = "Astron. J.",
      volume         = "147",
      year           = "2014",
      pages          = "79",
      doi            = "10.1088/0004-6256/147/4/79",
      eprint         = "1303.6194",
      archivePrefix  = "arXiv",
      primaryClass   = "astro-ph.CO",
      SLACcitation   = "%%CITATION = ARXIV:1303.6194;%%"
}


@ARTICLE{2019ApJ...873..111I,
       author = {{Ivezi{\'c}}, {\v{Z}}eljko and {Kahn}, Steven M. and
         {Tyson}, J. Anthony and {Abel}, Bob and {Acosta}, Emily and
         {Allsman}, Robyn and {Alonso}, David and {AlSayyad}, Yusra and
         {Anderson}, Scott F. and {Andrew}, John and {Angel}, James Roger P. and
         {Angeli}, George Z. and {Ansari}, Reza and {Antilogus}, Pierre and
         {Araujo}, Constanza and {Armstrong}, Robert and {Arndt}, Kirk T. and
         {Astier}, Pierre and {Aubourg}, {\'E}ric and {Auza}, Nicole and
         {Axelrod}, Tim S. and {Bard}, Deborah J. and {Barr}, Jeff D. and
         {Barrau}, Aurelian and {Bartlett}, James G. and {Bauer}, Amanda E. and
         {Bauman}, Brian J. and {Baumont}, Sylvain and {Bechtol}, Ellen and
         {Bechtol}, Keith and {Becker}, Andrew C. and {Becla}, Jacek and
         {Beldica}, Cristina and {Bellavia}, Steve and {Bianco}, Federica B. and
         {Biswas}, Rahul and {Blanc}, Guillaume and {Blazek}, Jonathan and {Bland
        ford}, Roger D. and {Bloom}, Josh S. and {Bogart}, Joanne and
         {Bond}, Tim W. and {Booth}, Michael T. and {Borgland}, Anders W. and
         {Borne}, Kirk and {Bosch}, James F. and {Boutigny}, Dominique and
         {Brackett}, Craig A. and {Bradshaw}, Andrew and {Brand
        t}, William Nielsen and {Brown}, Michael E. and {Bullock}, James S. and
         {Burchat}, Patricia and {Burke}, David L. and {Cagnoli}, Gianpietro and
         {Calabrese}, Daniel and {Callahan}, Shawn and {Callen}, Alice L. and
         {Carlin}, Jeffrey L. and {Carlson}, Erin L. and {Chand
        rasekharan}, Srinivasan and {Charles-Emerson}, Glenaver and
         {Chesley}, Steve and {Cheu}, Elliott C. and {Chiang}, Hsin-Fang and
         {Chiang}, James and {Chirino}, Carol and {Chow}, Derek and
         {Ciardi}, David R. and {Claver}, Charles F. and {Cohen-Tanugi}, Johann and
         {Cockrum}, Joseph J. and {Coles}, Rebecca and {Connolly}, Andrew J. and
         {Cook}, Kem H. and {Cooray}, Asantha and {Covey}, Kevin R. and
         {Cribbs}, Chris and {Cui}, Wei and {Cutri}, Roc and {Daly}, Philip N. and
         {Daniel}, Scott F. and {Daruich}, Felipe and {Daubard}, Guillaume and
         {Daues}, Greg and {Dawson}, William and {Delgado}, Francisco and
         {Dellapenna}, Alfred and {de Peyster}, Robert and
         {de Val-Borro}, Miguel and {Digel}, Seth W. and {Doherty}, Peter and
         {Dubois}, Richard and {Dubois-Felsmann}, Gregory P. and
         {Durech}, Josef and {Economou}, Frossie and {Eifler}, Tim and
         {Eracleous}, Michael and {Emmons}, Benjamin L. and
         {Fausti Neto}, Angelo and {Ferguson}, Henry and {Figueroa}, Enrique and
         {Fisher-Levine}, Merlin and {Focke}, Warren and {Foss}, Michael D. and
         {Frank}, James and {Freemon}, Michael D. and {Gangler}, Emmanuel and
         {Gawiser}, Eric and {Geary}, John C. and {Gee}, Perry and
         {Geha}, Marla and {Gessner}, Charles J.~B. and {Gibson}, Robert R. and
         {Gilmore}, D. Kirk and {Glanzman}, Thomas and {Glick}, William and
         {Goldina}, Tatiana and {Goldstein}, Daniel A. and {Goodenow}, Iain and
         {Graham}, Melissa L. and {Gressler}, William J. and {Gris}, Philippe and
         {Guy}, Leanne P. and {Guyonnet}, Augustin and {Haller}, Gunther and
         {Harris}, Ron and {Hascall}, Patrick A. and {Haupt}, Justine and {Hernand
        ez}, Fabio and {Herrmann}, Sven and {Hileman}, Edward and
         {Hoblitt}, Joshua and {Hodgson}, John A. and {Hogan}, Craig and
         {Howard}, James D. and {Huang}, Dajun and {Huffer}, Michael E. and
         {Ingraham}, Patrick and {Innes}, Walter R. and {Jacoby}, Suzanne H. and
         {Jain}, Bhuvnesh and {Jammes}, Fabrice and {Jee}, M. James and
         {Jenness}, Tim and {Jernigan}, Garrett and {Jevremovi{\'c}}, Darko and
         {Johns}, Kenneth and {Johnson}, Anthony S. and
         {Johnson}, Margaret W.~G. and {Jones}, R. Lynne and
         {Juramy-Gilles}, Claire and {Juri{\'c}}, Mario and {Kalirai}, Jason S. and
         {Kallivayalil}, Nitya J. and {Kalmbach}, Bryce and
         {Kantor}, Jeffrey P. and {Karst}, Pierre and {Kasliwal}, Mansi M. and
         {Kelly}, Heather and {Kessler}, Richard and {Kinnison}, Veronica and
         {Kirkby}, David and {Knox}, Lloyd and {Kotov}, Ivan V. and
         {Krabbendam}, Victor L. and {Krughoff}, K. Simon and
         {Kub{\'a}nek}, Petr and {Kuczewski}, John and {Kulkarni}, Shri and
         {Ku}, John and {Kurita}, Nadine R. and {Lage}, Craig S. and
         {Lambert}, Ron and {Lange}, Travis and {Langton}, J. Brian and
         {Le Guillou}, Laurent and {Levine}, Deborah and {Liang}, Ming and
         {Lim}, Kian-Tat and {Lintott}, Chris J. and {Long}, Kevin E. and
         {Lopez}, Margaux and {Lotz}, Paul J. and {Lupton}, Robert H. and
         {Lust}, Nate B. and {MacArthur}, Lauren A. and {Mahabal}, Ashish and {Mand
        elbaum}, Rachel and {Markiewicz}, Thomas W. and {Marsh}, Darren S. and
         {Marshall}, Philip J. and {Marshall}, Stuart and {May}, Morgan and
         {McKercher}, Robert and {McQueen}, Michelle and {Meyers}, Joshua and
         {Migliore}, Myriam and {Miller}, Michelle and {Mills}, David J. and
         {Miraval}, Connor and {Moeyens}, Joachim and {Moolekamp}, Fred E. and
         {Monet}, David G. and {Moniez}, Marc and {Monkewitz}, Serge and
         {Montgomery}, Christopher and {Morrison}, Christopher B. and
         {Mueller}, Fritz and {Muller}, Gary P. and
         {Mu{\~n}oz Arancibia}, Freddy and {Neill}, Douglas R. and
         {Newbry}, Scott P. and {Nief}, Jean-Yves and {Nomerotski}, Andrei and
         {Nordby}, Martin and {O'Connor}, Paul and {Oliver}, John and
         {Olivier}, Scot S. and {Olsen}, Knut and {O'Mullane}, William and
         {Ortiz}, Sandra and {Osier}, Shawn and {Owen}, Russell E. and
         {Pain}, Reynald and {Palecek}, Paul E. and {Parejko}, John K. and
         {Parsons}, James B. and {Pease}, Nathan M. and {Peterson}, J. Matt and
         {Peterson}, John R. and {Petravick}, Donald L. and
         {Libby Petrick}, M.~E. and {Petry}, Cathy E. and
         {Pierfederici}, Francesco and {Pietrowicz}, Stephen and {Pike}, Rob and
         {Pinto}, Philip A. and {Plante}, Raymond and {Plate}, Stephen and
         {Plutchak}, Joel P. and {Price}, Paul A. and {Prouza}, Michael and
         {Radeka}, Veljko and {Rajagopal}, Jayadev and {Rasmussen}, Andrew P. and
         {Regnault}, Nicolas and {Reil}, Kevin A. and {Reiss}, David J. and
         {Reuter}, Michael A. and {Ridgway}, Stephen T. and {Riot}, Vincent J. and
         {Ritz}, Steve and {Robinson}, Sean and {Roby}, William and
         {Roodman}, Aaron and {Rosing}, Wayne and {Roucelle}, Cecille and
         {Rumore}, Matthew R. and {Russo}, Stefano and {Saha}, Abhijit and
         {Sassolas}, Benoit and {Schalk}, Terry L. and {Schellart}, Pim and
         {Schindler}, Rafe H. and {Schmidt}, Samuel and {Schneider}, Donald P. and
         {Schneider}, Michael D. and {Schoening}, William and
         {Schumacher}, German and {Schwamb}, Megan E. and {Sebag}, Jacques and
         {Selvy}, Brian and {Sembroski}, Glenn H. and {Seppala}, Lynn G. and
         {Serio}, Andrew and {Serrano}, Eduardo and {Shaw}, Richard A. and
         {Shipsey}, Ian and {Sick}, Jonathan and {Silvestri}, Nicole and
         {Slater}, Colin T. and {Smith}, J. Allyn and {Smith}, R. Chris and
         {Sobhani}, Shahram and {Soldahl}, Christine and
         {Storrie-Lombardi}, Lisa and {Stover}, Edward and
         {Strauss}, Michael A. and {Street}, Rachel A. and
         {Stubbs}, Christopher W. and {Sullivan}, Ian S. and {Sweeney}, Donald and
         {Swinbank}, John D. and {Szalay}, Alexander and {Takacs}, Peter and
         {Tether}, Stephen A. and {Thaler}, Jon J. and {Thayer}, John Gregg and
         {Thomas}, Sandrine and {Thornton}, Adam J. and {Thukral}, Vaikunth and
         {Tice}, Jeffrey and {Trilling}, David E. and {Turri}, Max and
         {Van Berg}, Richard and {Vanden Berk}, Daniel and {Vetter}, Kurt and
         {Virieux}, Francoise and {Vucina}, Tomislav and {Wahl}, William and
         {Walkowicz}, Lucianne and {Walsh}, Brian and {Walter}, Christopher W. and
         {Wang}, Daniel L. and {Wang}, Shin-Yawn and {Warner}, Michael and
         {Wiecha}, Oliver and {Willman}, Beth and {Winters}, Scott E. and
         {Wittman}, David and {Wolff}, Sidney C. and {Wood-Vasey}, W. Michael and
         {Wu}, Xiuqin and {Xin}, Bo and {Yoachim}, Peter and {Zhan}, Hu},
        title = "{LSST: From Science Drivers to Reference Design and Anticipated Data Products}",
      journal = {\apj},
     keywords = {astrometry, cosmology: observations, Galaxy: general, methods: observational, stars: general, surveys, Astrophysics},
         year = 2019,
        month = mar,
       volume = {873},
       number = {2},
          eid = {111},
        pages = {111},
          doi = {10.3847/1538-4357/ab042c},
archivePrefix = {arXiv},
       eprint = {0805.2366},
 primaryClass = {astro-ph},
       adsurl = {https://ui.adsabs.harvard.edu/abs/2019ApJ...873..111I},
      adsnote = {Provided by the SAO/NASA Astrophysics Data System}
}


@article{Beck:2005db,
      author         = "Beck, Rainer and Krause, Marita",
      title          = "{Revised equipartition \& minimum energy formula for
                        magnetic field strength estimates from radio synchrotron
                        observations}",
      journal        = "Astron. Nachr.",
      volume         = "326",
      year           = "2005",
      pages          = "414-427",
      doi            = "10.1002/asna.200510366",
      eprint         = "astro-ph/0507367",
      archivePrefix  = "arXiv",
      primaryClass   = "astro-ph",
      SLACcitation   = "%%CITATION = ASTRO-PH/0507367;%%"
}

@ARTICLE{2016PhRvD..93h3005W,
       author = {{Wang}, Xiang-Yu and {Liu}, Ruo-Yu},
        title = "{Tidal disruption jets of supermassive black holes as hidden sources of cosmic rays: Explaining the IceCube TeV-PeV neutrinos}",
      journal = {\prd},
     keywords = {Astrophysics - High Energy Astrophysical Phenomena},
         year = 2016,
        month = apr,
       volume = {93},
       number = {8},
          eid = {083005},
        pages = {083005},
          doi = {10.1103/PhysRevD.93.083005},
archivePrefix = {arXiv},
       eprint = {1512.08596},
 primaryClass = {astro-ph.HE},
       adsurl = {https://ui.adsabs.harvard.edu/abs/2016PhRvD..93h3005W},
      adsnote = {Provided by the SAO/NASA Astrophysics Data System}
}

@ARTICLE{2017MNRAS.469.1354D,
       author = {{Dai}, Lixin and {Fang}, Ke},
        title = "{Can tidal disruption events produce the IceCube neutrinos?}",
      journal = {\mnras},
     keywords = {accretion, accretion discs, astroparticle physics, black hole physics, neutrinos, galaxies: jets, X-rays: bursts, Astrophysics - High Energy Astrophysical Phenomena},
         year = 2017,
        month = aug,
       volume = {469},
       number = {2},
        pages = {1354-1359},
          doi = {10.1093/mnras/stx863},
archivePrefix = {arXiv},
       eprint = {1612.00011},
 primaryClass = {astro-ph.HE},
       adsurl = {https://ui.adsabs.harvard.edu/abs/2017MNRAS.469.1354D},
      adsnote = {Provided by the SAO/NASA Astrophysics Data System}
}

@ARTICLE{2016PhRvL.116g1101M,
       author = {{Murase}, Kohta and {Guetta}, Dafne and {Ahlers}, Markus},
        title = "{Hidden Cosmic-Ray Accelerators as an Origin of TeV-PeV Cosmic Neutrinos}",
      journal = {\prl},
     keywords = {Astrophysics - High Energy Astrophysical Phenomena, Astrophysics - Cosmology and Nongalactic Astrophysics, High Energy Physics - Phenomenology},
         year = 2016,
        month = feb,
       volume = {116},
       number = {7},
          eid = {071101},
        pages = {071101},
          doi = {10.1103/PhysRevLett.116.071101},
archivePrefix = {arXiv},
       eprint = {1509.00805},
 primaryClass = {astro-ph.HE},
       adsurl = {https://ui.adsabs.harvard.edu/abs/2016PhRvL.116g1101M},
      adsnote = {Provided by the SAO/NASA Astrophysics Data System}
}




@ARTICLE{2019ATel12879....1S,
       author = {{Stein}, R. and {Franckowiak}, A. and {Santen}, J. van and {Rauch}, L. and
         {Kowalski}, M. and {Nordin}, J. and {Kasliwal}, M.~M. and
         {Andreoni}, I. and {Ahumada}, T. and {Coughlin}, M. and
         {Singer}, L.~P. and {Anand}, S.},
        title = "{Optical follow-up of IceCube-190619A with ZTF}",
      journal = {The Astronomer's Telegram},
         year = "2019",
        month = "Jun",
       volume = {12879},
        pages = {1},
       adsurl = {https://ui.adsabs.harvard.edu/abs/2019ATel12879....1S},
      adsnote = {Provided by the SAO/NASA Astrophysics Data System}
}

@ARTICLE{2019PASP..131a8002B,
       author = {{Bellm}, Eric C. and {Kulkarni}, Shrinivas R. and {Graham}, Matthew J. and
         {Dekany}, Richard and {Smith}, Roger M. and {Riddle}, Reed and
         {Masci}, Frank J. and {Helou}, George and {Prince}, Thomas A. and
         {Adams}, Scott M. and {Barbarino}, C. and {Barlow}, Tom and
         {Bauer}, James and {Beck}, Ron and {Belicki}, Justin and
         {Biswas}, Rahul and {Blagorodnova}, Nadejda and {Bodewits}, Dennis and
         {Bolin}, Bryce and {Brinnel}, Valery and {Brooke}, Tim and
         {Bue}, Brian and {Bulla}, Mattia and {Burruss}, Rick and
         {Cenko}, S. Bradley and {Chang}, Chan-Kao and {Connolly}, Andrew and
         {Coughlin}, Michael and {Cromer}, John and {Cunningham}, Virginia and
         {De}, Kishalay and {Delacroix}, Alex and {Desai}, Vandana and
         {Duev}, Dmitry A. and {Eadie}, Gwendolyn and {Farnham}, Tony L. and
         {Feeney}, Michael and {Feindt}, Ulrich and {Flynn}, David and
         {Franckowiak}, Anna and {Frederick}, S. and {Fremling}, C. and
         {Gal-Yam}, Avishay and {Gezari}, Suvi and {Giomi}, Matteo and
         {Goldstein}, Daniel A. and {Golkhou}, V. Zach and {Goobar}, Ariel and
         {Groom}, Steven and {Hacopians}, Eugean and {Hale}, David and
         {Henning}, John and {Ho}, Anna Y.~Q. and {Hover}, David and
         {Howell}, Justin and {Hung}, Tiara and {Huppenkothen}, Daniela and
         {Imel}, David and {Ip}, Wing-Huen and {Ivezi{\'c}}, {\v{Z}}eljko and
         {Jackson}, Edward and {Jones}, Lynne and {Juric}, Mario and
         {Kasliwal}, Mansi M. and {Kaspi}, S. and {Kaye}, Stephen and
         {Kelley}, Michael S.~P. and {Kowalski}, Marek and {Kramer}, Emily and
         {Kupfer}, Thomas and {Landry}, Walter and {Laher}, Russ R. and
         {Lee}, Chien-De and {Lin}, Hsing Wen and {Lin}, Zhong-Yi and
         {Lunnan}, Ragnhild and {Giomi}, Matteo and {Mahabal}, Ashish and
         {Mao}, Peter and {Miller}, Adam A. and {Monkewitz}, Serge and
         {Murphy}, Patrick and {Ngeow}, Chow-Choong and {Nordin}, Jakob and
         {Nugent}, Peter and {Ofek}, Eran and {Patterson}, Maria T. and
         {Penprase}, Bryan and {Porter}, Michael and {Rauch}, Ludwig and
         {Rebbapragada}, Umaa and {Reiley}, Dan and {Rigault}, Mickael and
         {Rodriguez}, Hector and {van Roestel}, Jan and {Rusholme}, Ben and
         {van Santen}, Jakob and {Schulze}, S. and {Shupe}, David L. and
         {Singer}, Leo P. and {Soumagnac}, Maayane T. and {Stein}, Robert and
         {Surace}, Jason and {Sollerman}, Jesper and {Szkody}, Paula and
         {Taddia}, F. and {Terek}, Scott and {Van Sistine}, Angela and
         {van Velzen}, Sjoert and {Vestrand}, W. Thomas and {Walters}, Richard and
         {Ward}, Charlotte and {Ye}, Quan-Zhi and {Yu}, Po-Chieh and {Yan}, Lin and
         {Zolkower}, Jeffry},
        title = "{The Zwicky Transient Facility: System Overview, Performance, and First Results}",
      journal = {\pasp},
     keywords = {Astrophysics - Instrumentation and Methods for Astrophysics},
         year = "2019",
        month = "Jan",
       volume = {131},
       number = {995},
        pages = {018002},
          doi = {10.1088/1538-3873/aaecbe},
archivePrefix = {arXiv},
       eprint = {1902.01932},
 primaryClass = {astro-ph.IM},
       adsurl = {https://ui.adsabs.harvard.edu/abs/2019PASP..131a8002B},
      adsnote = {Provided by the SAO/NASA Astrophysics Data System}
}

@article{Cerruti:2018tmc,
      author         = "Cerruti, M. and Zech, A. and Boisson, C. and Emery, G.
                        and Inoue, S. and Lenain, J. -P.",
      title          = "{Leptohadronic single-zone models for the electromagnetic
                        and neutrino emission of TXS 0506+056}",
      journal        = "Mon. Not. Roy. Astron. Soc.",
      volume         = "483",
      year           = "2019",
      number         = "1",
      pages          = "L12-L16",
      doi            = "10.1093/mnrasl/sly210",
      eprint         = "1807.04335",
      archivePrefix  = "arXiv",
      primaryClass   = "astro-ph.HE",
      SLACcitation   = "%%CITATION = ARXIV:1807.04335;%%"
}

@ARTICLE{2019A&A...622L...9S,
       author = {{Strotjohann}, Nora Linn and {Kowalski}, Marek and {Franckowiak}, Anna},
        title = "{Eddington bias for cosmic neutrino sources}",
      journal = {\aap},
     keywords = {astroparticle physics, neutrinos, methods: statistical, quasars: individual: TXS 0506+056, Astrophysics - High Energy Astrophysical Phenomena},
         year = "2019",
        month = "Feb",
       volume = {622},
          eid = {L9},
        pages = {L9},
          doi = {10.1051/0004-6361/201834750},
archivePrefix = {arXiv},
       eprint = {1809.06865},
 primaryClass = {astro-ph.HE},
       adsurl = {https://ui.adsabs.harvard.edu/abs/2019A&A...622L...9S},
      adsnote = {Provided by the SAO/NASA Astrophysics Data System}
}

@INPROCEEDINGS{2019ICRC...36.1016S,
       author = {{Stein}, R.},
        title = "{Search for High-Energy Neutrinos from Populations of Optical Transients}",
     keywords = {Astrophysics - High Energy Astrophysical Phenomena},
    booktitle = {36th International Cosmic Ray Conference (ICRC2019)},
         year = "2019",
       series = {International Cosmic Ray Conference},
       volume = {36},
        month = "Jul",
          eid = {1016},
        pages = {1016},
archivePrefix = {arXiv},
       eprint = {1908.08547},
 primaryClass = {astro-ph.HE},
       adsurl = {https://ui.adsabs.harvard.edu/abs/2019ICRC...36.1016S},
      adsnote = {Provided by the SAO/NASA Astrophysics Data System}
}

@article{Aartsen_2017,
   title={The IceCube realtime alert system},
   volume={92},
   ISSN={0927-6505},
   url={http://dx.doi.org/10.1016/j.astropartphys.2017.05.002},
   DOI={10.1016/j.astropartphys.2017.05.002},
   journal={Astroparticle Physics},
   publisher={Elsevier BV},
   author={Aartsen, M.G. and Ackermann, M. and Adams, J. and Aguilar, J.A. and Ahlers, M. and Ahrens, M. and Altmann, D. and Andeen, K. and Anderson, T. and Ansseau, I. and et al.},
   year={2017},
   month={Jun},
   pages={30–41}
}

@article{Aartsen:2016nxy,
      author         = "Aartsen, M. G. and others",
      title          = "{The IceCube Neutrino Observatory: Instrumentation and
                        Online Systems}",
      collaboration  = "IceCube",
      journal        = "JINST",
      volume         = "12",
      year           = "2017",
      number         = "03",
      pages          = "P03012",
      doi            = "10.1088/1748-0221/12/03/P03012",
      eprint         = "1612.05093",
      archivePrefix  = "arXiv",
      primaryClass   = "astro-ph.IM",
      SLACcitation   = "%%CITATION = ARXIV:1612.05093;%%"
}

@ARTICLE{2013Sci...342E...1I,
       author = {{IceCube Collaboration}},
        title = "{Evidence for High-Energy Extraterrestrial Neutrinos at the IceCube Detector}",
      journal = {Science},
     keywords = {ASTRONOMY, ONLINE Materials-Science, Sociology, Applied-Physics, Astrophysics - High Energy Astrophysical Phenomena, Astrophysics - Cosmology and Extragalactic Astrophysics, High Energy Physics - Experiment},
         year = 2013,
        month = nov,
       volume = {342},
       number = {6161},
          eid = {1242856},
        pages = {1242856},
          doi = {10.1126/science.1242856},
archivePrefix = {arXiv},
       eprint = {1311.5238},
 primaryClass = {astro-ph.HE},
       adsurl = {https://ui.adsabs.harvard.edu/abs/2013Sci...342E...1I},
      adsnote = {Provided by the SAO/NASA Astrophysics Data System}
}



@article{Aartsen:2016oji,
	author         = "Aartsen, M. G. and others",
	title          = "{All-sky Search for Time-integrated Neutrino Emission
	from Astrophysical Sources with 7 yr of IceCube Data}",
	collaboration  = "IceCube",
	journal        = "Astrophys. J.",
	volume         = "835",
	year           = "2017",
	number         = "2",
	pages          = "151",
	doi            = "10.3847/1538-4357/835/2/151",
	eprint         = "1609.04981",
	archivePrefix  = "arXiv",
	primaryClass   = "astro-ph.HE",
	SLACcitation   = "%%CITATION = ARXIV:1609.04981;%%"
}

@article{Kankare:2019bzi,
	author         = "Kankare, E. and others",
	title          = "{A search for transient optical counterparts to
	high-energy IceCube neutrinos with Pan-STARRS1}",
	collaboration  = "Pan-STARRS, IceCube",
	journal        = "Submitted to: Astron. Astrophys.",
	year           = "2019",
	eprint         = "1901.11080",
	archivePrefix  = "arXiv",
	primaryClass   = "astro-ph.HE",
	SLACcitation   = "%%CITATION = ARXIV:1901.11080;%%"
}

@phdthesis{Stasik2018Search,
	author = {Stasik, Alexander Johannes},
	title = {Search for High Energetic Neutrinos from Core Collapse Supernovae using the IceCube Neutrino Telescope},
	school = {Humboldt-Universitaet zu Berlin, Mathematisch-Naturwissenschaftliche Fakultaet},
	year = {2018},
	doi = {http://dx.doi.org/10.18452/18729}
}

@article{Aartsen:2016lmt,
	author         = "Aartsen, M. G. and others",
	title          = "{The IceCube Realtime Alert System}",
	collaboration  = "IceCube",
	journal        = "Astropart. Phys.",
	volume         = "92",
	year           = "2017",
	pages          = "30-41",
	doi            = "10.1016/j.astropartphys.2017.05.002",
	eprint         = "1612.06028",
	archivePrefix  = "arXiv",
	primaryClass   = "astro-ph.HE",
	SLACcitation   = "%%CITATION = ARXIV:1612.06028;%%"
}

@article{Guetta:2003wi,
      author         = "Guetta, Dafne and Hooper, D. and Alvarez-Muniz, J. and
                        Halzen, F. and Reuveni, E.",
      title          = "{Neutrinos from individual gamma-ray bursts in the BATSE
                        catalog}",
      journal        = "Astropart. Phys.",
      volume         = "20",
      year           = "2004",
      pages          = "429-455",
      doi            = "10.1016/S0927-6505(03)00211-1",
      eprint         = "astro-ph/0302524",
      archivePrefix  = "arXiv",
      primaryClass   = "astro-ph",
      SLACcitation   = "%%CITATION = ASTRO-PH/0302524;%%"
}

@ARTICLE{Waxman:1998yy,
       author = {{Waxman}, Eli and {Bahcall}, John},
        title = "{High energy neutrinos from astrophysical sources: An upper bound}",
      journal = {\prd},
     keywords = {95.85.Ry, 14.60.Pq, 98.70.Rz, 98.70.Sa, Neutrino muon pion and other elementary particles, cosmic rays, Neutrino mass and mixing, gamma-ray sources, gamma-ray bursts, Cosmic rays, High Energy Physics - Phenomenology, Astrophysics, High Energy Physics - Experiment},
         year = 1999,
        month = jan,
       volume = {59},
       number = {2},
          eid = {023002},
        pages = {023002},
          doi = {10.1103/PhysRevD.59.023002},
archivePrefix = {arXiv},
       eprint = {hep-ph/9807282},
 primaryClass = {hep-ph},
       adsurl = {https://ui.adsabs.harvard.edu/abs/1999PhRvD..59b3002W},
      adsnote = {Provided by the SAO/NASA Astrophysics Data System}
}



@ARTICLE{2018Sci...361.1378I,
       author = {{IceCube Collaboration} and {Aartsen}, M.~G. and {Ackermann}, M. and
         {Adams}, J. and {Aguilar}, J.~A. and {Ahlers}, M. and {Ahrens}, M. and
         {Al Samarai}, I. and {Altmann}, D. and {Andeen}, K. and {Anderson}, T. and
         {Ansseau}, I. and {Anton}, G. and {Arg{\"u}elles}, C. and
         {Auffenberg}, J. and {Axani}, S. and {Bagherpour}, H. and {Bai}, X. and
         {Barron}, J.~P. and {Barwick}, S.~W. and {Baum}, V. and {Bay}, R. and
         {Beatty}, J.~J. and {Becker Tjus}, J. and {Becker}, K. -H. and
         {BenZvi}, S. and {Berley}, D. and {Bernardini}, E. and {Besson}, D.~Z. and
         {Binder}, G. and {Bindig}, D. and {Blaufuss}, E. and {Blot}, S. and
         {Bohm}, C. and {B{\"o}rner}, M. and {Bos}, F. and {B{\"o}ser}, S. and
         {Botner}, O. and {Bourbeau}, E. and {Bourbeau}, J. and {Bradascio}, F. and
         {Braun}, J. and {Brenzke}, M. and {Bretz}, H. -P. and {Bron}, S. and
         {Brostean-Kaiser}, J. and {Burgman}, A. and {Busse}, R.~S. and
         {Carver}, T. and {Cheung}, E. and {Chirkin}, D. and {Christov}, A. and
         {Clark}, K. and {Classen}, L. and {Coenders}, S. and {Collin}, G.~H. and
         {Conrad}, J.~M. and {Coppin}, P. and {Correa}, P. and {Cowen}, D.~F. and
         {Cross}, R. and {Dave}, P. and {Day}, M. and
         {de Andr{\'e}}, J.~P.~A.~M. and {De Clercq}, C. and {DeLaunay}, J.~J. and
         {Dembinski}, H. and {De Ridder}, S. and {Desiati}, P. and
         {de Vries}, K.~D. and {de Wasseige}, G. and {de With}, M. and
         {DeYoung}, T. and {D{\'\i}az-V{\'e}lez}, J.~C. and {di Lorenzo}, V. and
         {Dujmovic}, H. and {Dumm}, J.~P. and {Dunkman}, M. and {Dvorak}, E. and
         {Eberhardt}, B. and {Ehrhardt}, T. and {Eichmann}, B. and {Eller}, P. and
         {Evenson}, P.~A. and {Fahey}, S. and {Fazely}, A.~R. and {Felde}, J. and
         {Filimonov}, K. and {Finley}, C. and {Flis}, S. and {Franckowiak}, A. and
         {Friedman}, E. and {Fritz}, A. and {Gaisser}, T.~K. and
         {Gallagher}, J. and {Gerhardt}, L. and {Ghorbani}, K. and {Glauch}, T. and
         {Gl{\"u}senkamp}, T. and {Goldschmidt}, A. and {Gonzalez}, J.~G. and
         {Grant}, D. and {Griffith}, Z. and {Haack}, C. and {Hallgren}, A. and
         {Halzen}, F. and {Hanson}, K. and {Hebecker}, D. and {Heereman}, D. and
         {Helbing}, K. and {Hellauer}, R. and {Hickford}, S. and {Hignight}, J. and
         {Hill}, G.~C. and {Hoffman}, K.~D. and {Hoffmann}, R. and {Hoinka}, T. and
         {Hokanson-Fasig}, B. and {Hoshina}, K. and {Huang}, F. and {Huber}, M. and
         {Hultqvist}, K. and {H{\"u}nnefeld}, M. and {Hussain}, R. and {In}, S. and
         {Iovine}, N. and {Ishihara}, A. and {Jacobi}, E. and
         {Japaridze}, G.~S. and {Jeong}, M. and {Jero}, K. and
         {Jones}, B.~J.~P. and {Kalaczynski}, P. and {Kang}, W. and
         {Kappes}, A. and {Kappesser}, D. and {Karg}, T. and {Karle}, A. and
         {Katz}, U. and {Kauer}, M. and {Keivani}, A. and {Kelley}, J.~L. and
         {Kheirandish}, A. and {Kim}, J. and {Kim}, M. and {Kintscher}, T. and
         {Kiryluk}, J. and {Kittler}, T. and {Klein}, S.~R. and {Koirala}, R. and
         {Kolanoski}, H. and {K{\"o}pke}, L. and {Kopper}, C. and {Kopper}, S. and
         {Koschinsky}, J.~P. and {Koskinen}, D.~J. and {Kowalski}, M. and
         {Krings}, K. and {Kroll}, M. and {Kr{\"u}ckl}, G. and {Kunwar}, S. and
         {Kurahashi}, N. and {Kuwabara}, T. and {Kyriacou}, A. and {Labare}, M. and
         {Lanfranchi}, J.~L. and {Larson}, M.~J. and {Lauber}, F. and
         {Leonard}, K. and {Lesiak-Bzdak}, M. and {Leuermann}, M. and
         {Liu}, Q.~R. and {Lozano Mariscal}, C.~J. and {Lu}, L. and
         {L{\"u}nemann}, J. and {Luszczak}, W. and {Madsen}, J. and {Maggi}, G. and
         {Mahn}, K.~B.~M. and {Mancina}, S. and {Maruyama}, R. and {Mase}, K. and
         {Maunu}, R. and {Meagher}, K. and {Medici}, M. and {Meier}, M. and
         {Menne}, T. and {Merino}, G. and {Meures}, T. and {Miarecki}, S. and
         {Micallef}, J. and {Moment{\'e}}, G. and {Montaruli}, T. and
         {Moore}, R.~W. and {S} and {Morse}, R. and {Moulai}, M. and
         {Nahnhauer}, R. and {Nakarmi}, P. and {Naumann}, U. and {Neer}, G. and
         {Niederhausen}, H. and {Nowicki}, S.~C. and {Nygren}, D.~R. and
         {Obertacke Pollmann}, A. and {Olivas}, A. and {O'Murchadha}, A. and
         {O'Sullivan}, E. and {Palczewski}, T. and {Pandya}, H. and
         {Pankova}, D.~V. and {Peiffer}, P. and {Pepper}, J.~A. and
         {P{\'e}rez de los Heros}, C. and {Pieloth}, D. and {Pinat}, E. and
         {Plum}, M. and {Price}, P.~B. and {Przybylski}, G.~T. and {Raab}, C. and
         {R{\"a}del}, L. and {Rameez}, M. and {Rauch}, L. and {Rawlins}, K. and
         {Rea}, I.~C. and {Reimann}, R. and {Relethford}, B. and {Relich}, M. and
         {Resconi}, E. and {Rhode}, W. and {Richman}, M. and {Robertson}, S. and
         {Rongen}, M. and {Rott}, C. and {Ruhe}, T. and {Ryckbosch}, D. and
         {Rysewyk}, D. and {Safa}, I. and {S{\"a}lzer}, T. and
         {Sanchez Herrera}, S.~E. and {Sandrock}, A. and {Sandroos}, J. and
         {Santander}, M. and {Sarkar}, S. and {Sarkar}, S. and {Satalecka}, K. and
         {Schlunder}, P. and {Schmidt}, T. and {Schneider}, A. and
         {Schoenen}, S. and {Sch{\"o}neberg}, S. and {Schumacher}, L. and
         {Sclafani}, S. and {Seckel}, D. and {Seunarine}, S. and
         {Soedingrekso}, J. and {Soldin}, D. and {Song}, M. and
         {Spiczak}, G.~M. and {Spiering}, C. and {Stachurska}, J. and
         {Stamatikos}, M. and {Stanev}, T. and {Stasik}, A. and {Stein}, R. and
         {Stettner}, J. and {Steuer}, A. and {Stezelberger}, T. and
         {Stokstad}, R.~G. and {St{\"o}{\ss}l}, A. and {Strotjohann}, N.~L. and
         {Stuttard}, T. and {Sullivan}, G.~W. and {Sutherland}, M. and
         {Taboada}, I. and {Tatar}, J. and {Tenholt}, F. and {Ter-Antonyan}, S. and
         {Terliuk}, A. and {Tilav}, S. and {Toale}, P.~A. and {Tobin}, M.~N. and
         {Toennis}, C. and {Toscano}, S. and {Tosi}, D. and {Tselengidou}, M. and
         {Tung}, C.~F. and {Turcati}, A. and {Turley}, C.~F. and {Ty}, B. and
         {Unger}, E. and {Usner}, M. and {Vandenbroucke}, J. and
         {Van Driessche}, W. and {van Eijk}, D. and {van Eijndhoven}, N. and
         {Vanheule}, S. and {van Santen}, J. and {Vogel}, E. and {Vraeghe}, M. and
         {Walck}, C. and {Wallace}, A. and {Wallraff}, M. and {Wandler}, F.~D. and
         {Wandkowsky}, N. and {Waza}, A. and {Weaver}, C. and {Weiss}, M.~J. and
         {Wendt}, C. and {Werthebach}, J. and {Westerhoff}, S. and
         {Whelan}, B.~J. and {Whitehorn}, N. and {Wiebe}, K. and
         {Wiebusch}, C.~H. and {Wille}, L. and {Williams}, D.~R. and
         {Wills}, L. and {Wolf}, M. and {Wood}, J. and {Wood}, T.~R. and
         {Woschnagg}, K. and {Xu}, D.~L. and {Xu}, X.~W. and {Xu}, Y. and
         {Yanez}, J.~P. and {Yodh}, G. and {Yoshida}, S. and {Yuan}, T. and
         {Fermi-LAT Collaboration} and {Abdollahi}, S. and {Ajello}, M. and
         {Angioni}, R. and {Baldini}, L. and {Ballet}, J. and {Barbiellini}, G. and
         {Bastieri}, D. and {Bechtol}, K. and {Bellazzini}, R. and
         {Berenji}, B. and {Bissaldi}, E. and {Blandford}, R.~D. and
         {Bonino}, R. and {Bottacini}, E. and {Bregeon}, J. and {Bruel}, P. and
         {Buehler}, R. and {Burnett}, T.~H. and {Burns}, E. and {Buson}, S. and
         {Cameron}, R.~A. and {Caputo}, R. and {Caraveo}, P.~A. and
         {Cavazzuti}, E. and {Charles}, E. and {Chen}, S. and {Cheung}, C.~C. and
         {Chiang}, J. and {Chiaro}, G. and {Ciprini}, S. and {Cohen-Tanugi}, J. and
         {Conrad}, J. and {Costantin}, D. and {Cutini}, S. and {D'Ammando}, F. and
         {de Palma}, F. and {Digel}, S.~W. and {Di Lalla}, N. and
         {Di Mauro}, M. and {Di Venere}, L. and {Dom{\'\i}nguez}, A. and
         {Favuzzi}, C. and {Franckowiak}, A. and {Fukazawa}, Y. and {Funk}, S. and
         {Fusco}, P. and {Gargano}, F. and {Gasparrini}, D. and {Giglietto}, N. and
         {Giomi}, M. and {Giommi}, P. and {Giordano}, F. and {Giroletti}, M. and
         {Glanzman}, T. and {Green}, D. and {Grenier}, I.~A. and
         {Grondin}, M. -H. and {Guiriec}, S. and {Harding}, A.~K. and
         {Hayashida}, M. and {Hays}, E. and {Hewitt}, J.~W. and {Horan}, D. and
         {J{\'o}hannesson}, G. and {Kadler}, M. and {Kensei}, S. and
         {Kocevski}, D. and {Krauss}, F. and {Kreter}, M. and {Kuss}, M. and
         {La Mura}, G. and {Larsson}, S. and {Latronico}, L. and
         {Lemoine-Goumard}, M. and {Li}, J. and {Longo}, F. and {Loparco}, F. and
         {Lovellette}, M.~N. and {Lubrano}, P. and {Magill}, J.~D. and
         {Maldera}, S. and {Malyshev}, D. and {Manfreda}, A. and
         {Mazziotta}, M.~N. and {McEnery}, J.~E. and {Meyer}, M. and
         {Michelson}, P.~F. and {Mizuno}, T. and {Monzani}, M.~E. and
         {Morselli}, A. and {Moskalenko}, I.~V. and {Negro}, M. and {Nuss}, E. and
         {Ojha}, R. and {Omodei}, N. and {Orienti}, M. and {Orlando}, E. and
         {Palatiello}, M. and {Paliya}, V.~S. and {Perkins}, J.~S. and
         {Persic}, M. and {Pesce-Rollins}, M. and {Piron}, F. and
         {Porter}, T.~A. and {Principe}, G. and {Rain{\`o}}, S. and {Rando}, R. and
         {Rani}, B. and {Razzano}, M. and {Razzaque}, S. and {Reimer}, A. and
         {Reimer}, O. and {Renault-Tinacci}, N. and {Ritz}, S. and
         {Rochester}, L.~S. and {Saz Parkinson}, P.~M. and {Sgr{\`o}}, C. and
         {Siskind}, E.~J. and {Spandre}, G. and {Spinelli}, P. and
         {Suson}, D.~J. and {Tajima}, H. and {Takahashi}, M. and {Tanaka}, Y. and
         {Thayer}, J.~B. and {Thompson}, D.~J. and {Tibaldo}, L. and
         {Torres}, D.~F. and {Torresi}, E. and {Tosti}, G. and {Troja}, E. and
         {Valverde}, J. and {Vianello}, G. and {Vogel}, M. and {Wood}, K. and
         {Wood}, M. and {Zaharijas}, G. and {MAGIC Collaboration} and
         {Ahnen}, M.~L. and {Ansoldi}, S. and {Antonelli}, L.~A. and
         {Arcaro}, C. and {Baack}, D. and {Babi{\'c}}, A. and {Banerjee}, B. and
         {Bangale}, P. and {Barres de Almeida}, U. and {Barrio}, J.~A. and
         {Becerra Gonz{\'a}lez}, J. and {Bednarek}, W. and {Bernardini}, E. and
         {Berti}, A. and {Bhattacharyya}, W. and {Biland}, A. and {Blanch}, O. and
         {Bonnoli}, G. and {Carosi}, A. and {Carosi}, R. and {Ceribella}, G. and
         {Chatterjee}, A. and {Colak}, S.~M. and {Colin}, P. and {Colombo}, E. and
         {Contreras}, J.~L. and {Cortina}, J. and {Covino}, S. and {Cumani}, P. and
         {Da Vela}, P. and {Dazzi}, F. and {De Angelis}, A. and {De Lotto}, B. and
         {Delfino}, M. and {Delgado}, J. and {Di Pierro}, F. and
         {Dom{\'\i}nguez}, A. and {Dominis Prester}, D. and {Dorner}, D. and
         {Doro}, M. and {Einecke}, S. and {Elsaesser}, D. and
         {Fallah Ramazani}, V. and {Fern{\'a}ndez-Barral}, A. and {Fidalgo}, D. and
         {Foffano}, L. and {Pfrang}, K. and {Fonseca}, M.~V. and {Font}, L. and
         {Franceschini}, A. and {Fruck}, C. and {Galindo}, D. and
         {Gallozzi}, S. and {Garc{\'\i}a L{\'o}pez}, R.~J. and
         {Garczarczyk}, M. and {Gaug}, M. and {Giammaria}, P. and
         {Godinovi{\'c}}, N. and {Gora}, D. and {Guberman}, D. and
         {Hadasch}, D. and {Hahn}, A. and {Hassan}, T. and {Hayashida}, M. and
         {Herrera}, J. and {Hose}, J. and {Hrupec}, D. and {Inoue}, S. and
         {Ishio}, K. and {Konno}, Y. and {Kubo}, H. and {Kushida}, J. and
         {Lelas}, D. and {Lindfors}, E. and {Lombardi}, S. and {Longo}, F. and
         {L{\'o}pez}, M. and {Maggio}, C. and {Majumdar}, P. and {Makariev}, M. and
         {Maneva}, G. and {Manganaro}, M. and {Mannheim}, K. and {Maraschi}, L. and
         {Mariotti}, M. and {Mart{\'\i}nez}, M. and {Masuda}, S. and
         {Mazin}, D. and {Minev}, M. and {M}, J.~M. and {Mirzoyan}, R. and
         {Moralejo}, A. and {Moreno}, V. and {Moretti}, E. and {Nagayoshi}, T. and
         {Neustroev}, V. and {Niedzwiecki}, A. and {Nievas Rosillo}, M. and
         {Nigro}, C. and {Nilsson}, K. and {Ninci}, D. and {Nishijima}, K. and
         {Noda}, K. and {Nogu{\'e}s}, L. and {Paiano}, S. and {Palacio}, J. and
         {Paneque}, D. and {Paoletti}, R. and {Paredes}, J.~M. and
         {Pedaletti}, G. and {Peresano}, M. and {Persic}, M. and
         {Prada Moroni}, P.~G. and {Prandini}, E. and {Puljak}, I. and
         {Rodriguez Garcia}, J. and {Reichardt}, I. and {Rhode}, W. and
         {Rib{\'o}}, M. and {Rico}, J. and {Righi}, C. and {Rugliancich}, A. and
         {Saito}, T. and {Satalecka}, K. and {Schweizer}, T. and {Sitarek}, J. and
         {{\v{S}}nidaric ́}, I. and {Sobczynska}, D. and {Stamerra}, A. and
         {Strzys}, M. and {Suri{\'c}}, T. and {Takahashi}, M. and
         {Tavecchio}, F. and {Temnikov}, P. and {Terzi{\'c}}, T. and
         {Teshima}, M. and {Torres-Alb{\`a}}, N. and {Treves}, A. and
         {Tsujimoto}, S. and {Vanzo}, G. and {Vazquez Acosta}, M. and
         {Vovk}, I. and {Ward}, J.~E. and {Will}, M. and {S} and {Zaric ́}, D. and
         {AGILE Team} and {Lucarelli}, F. and {Tavani}, M. and {Piano}, G. and
         {Donnarumma}, I. and {Pittori}, C. and {Verrecchia}, F. and
         {Barbiellini}, G. and {Bulgarelli}, A. and {Caraveo}, P. and
         {Cattaneo}, P.~W. and {Colafrancesco}, S. and {Costa}, E. and
         {Di Cocco}, G. and {Ferrari}, A. and {Gianotti}, F. and {Giuliani}, A. and
         {Lipari}, P. and {Mereghetti}, S. and {Morselli}, A. and
         {Pacciani}, L. and {Paoletti}, F. and {Parmiggiani}, N. and
         {Pellizzoni}, A. and {Picozza}, P. and {Pilia}, M. and {Rappoldi}, A. and
         {Trois}, A. and {Vercellone}, S. and {Vittorini}, V. and
         {ASAS-SN Team} and {Stanek}, A. Franckowiak K.~Z. and
         {Kochanek}, C.~S. and {Beacom}, J.~F. and {Thompson}, T.~A. and
         {Holoien}, T.~W. -S. and {Dong}, S. and {Prieto}, J.~L. and
         {Shappee}, B.~J. and {Holmbo}, S. and {HAWC Collaboration} and
         {Abeysekara}, A.~U. and {Albert}, A. and {Alfaro}, R. and
         {Alvarez}, C. and {Arceo}, R. and {Arteaga-Vel{\'a}zquez}, J.~C. and
         {Avila Rojas}, D. and {Ayala Solares}, H.~A. and {Becerril}, A. and
         {Belmont-Moreno}, E. and {Bernal}, A. and {Caballero-Mora}, K.~S. and
         {Capistr{\'a}n}, T. and {Carrami{\~n}ana}, A. and {Casanova}, S. and
         {Castillo}, M. and {Cotti}, U. and {Cotzomi}, J. and
         {Couti{\~n}o de Le{\'o}n}, S. and {De Le{\'o}n}, C. and
         {De la Fuente}, E. and {Diaz Hernandez}, R. and {Dichiara}, S. and
         {Dingus}, B.~L. and {DuVernois}, M.~A. and
         {D{\'\i}az-V{\'e}lez}, J.~C. and {Ellsworth}, R.~W. and {Engel}, K. and
         {Fiorino}, D.~W. and {Fleischhack}, H. and {Fraija}, N. and
         {Garc{\'\i}a-Gonz{\'a}lez}, J.~A. and {Garfias}, F. and
         {Gonz{\'a}lez Mu{\~n}oz}, A. and {Gonz{\'a}lez}, M.~M. and
         {Goodman}, J.~A. and {Hampel-Arias}, Z. and {Harding}, J.~P. and {Hernand
        ez}, S. and {Hona}, B. and {Hueyotl-Zahuantitla}, F. and {Hui}, C.~M. and
         {H{\"u}ntemeyer}, P. and {Iriarte}, A. and {Jardin-Blicq}, A. and
         {Joshi}, V. and {Kaufmann}, S. and {Kunde}, G.~J. and {Lara}, A. and
         {Lauer}, R.~J. and {Lee}, W.~H. and {Lennarz}, D. and
         {Le{\'o}n Vargas}, H. and {Linnemann}, J.~T. and {Longinotti}, A.~L. and
         {Luis-Raya}, G. and {Luna-Garc{\'\i}a}, R. and {Malone}, K. and
         {Marinelli}, S.~S. and {Martinez}, O. and {Martinez-Castellanos}, I. and
         {Mart{\'\i}nez-Castro}, J. and {Mart{\'\i}nez-Huerta}, H. and
         {Matthews}, J.~A. and {Miranda-Romagnoli}, P. and {Moreno}, E. and
         {Mostaf{\'a}}, M. and {Nayerhoda}, A. and {Nellen}, L. and
         {Newbold}, M. and {Nisa}, M.~U. and {Noriega-Papaqui}, R. and
         {Pelayo}, R. and {Pretz}, J. and {P{\'e}rez-P{\'e}rez}, E.~G. and
         {Ren}, Z. and {Rho}, C.~D. and {Rivi{\`e}re}, C. and
         {Rosa-Gonz{\'a}lez}, D. and {Rosenberg}, M. and {Ruiz-Velasco}, E. and
         {Ruiz-Velasco}, E. and {Salesa Greus}, F. and {Sandoval}, A. and
         {Schneider}, M. and {Schoorlemmer}, H. and {Sinnis}, G. and
         {Smith}, A.~J. and {Springer}, R.~W. and {Surajbali}, P. and
         {Tibolla}, O. and {Tollefson}, K. and {Torres}, I. and
         {Villase{\~n}or}, L. and {Weisgarber}, T. and {Werner}, F. and
         {Yapici}, T. and {Gaurang}, Y. and {Zepeda}, A. and {Zhou}, H. and
         {{\'A}lvarez}, J.~D. and {H.~E.~S.~S. Collaboration} and {Abdalla}, H. and
         {Ang{\"u}ner}, E.~O. and {Armand}, C. and {Backes}, M. and
         {Becherini}, Y. and {Berge}, D. and {B{\"o}ttcher}, M. and
         {Boisson}, C. and {Bolmont}, J. and {Bonnefoy}, S. and {Bordas}, P. and
         {Brun}, F. and {B{\"u}chele}, M. and {Bulik}, T. and {Caroff}, S. and
         {Carosi}, A. and {Casanova}, S. and {Cerruti}, M. and
         {Chakraborty}, N. and {Chandra}, S. and {Chen}, A. and
         {Colafrancesco}, S. and {Davids}, I.~D. and {Deil}, C. and {Devin}, J. and
         {Djannati-Ata{\"\i}}, A. and {Egberts}, K. and {Emery}, G. and
         {Eschbach}, S. and {Fiasson}, A. and {Fontaine}, G. and {Funk}, S. and
         {F{\"u}{\ss}ling}, M. and {Gallant}, Y.~A. and {Gat{\'e}}, F. and
         {Giavitto}, G. and {Glawion}, D. and {Glicenstein}, J.~F. and
         {Gottschall}, D. and {Grondin}, M. -H. and {Haupt}, M. and {Henri}, G. and
         {Hinton}, J.~A. and {Hoischen}, C. and {Holch}, T.~L. and {Huber}, D. and
         {Jamrozy}, M. and {Jankowsky}, D. and {Jankowsky}, F. and {Jouvin}, L. and
         {Jung-Richardt}, I. and {Kerszberg}, D. and {Kh{\'e}lifi}, B. and
         {King}, J. and {Klepser}, S. and {Kluz ́niak}, W. and {Komin}, Nu. and
         {Kraus}, M. and {Lefaucheur}, J. and {Lemi{\`e}re}, A. and
         {Lemoine-Goumard}, M. and {Lenain}, J. -P. and {Leser}, E. and
         {Lohse}, T. and {L{\'o}pez-Coto}, R. and {Lorentz}, M. and
         {Lypova}, I. and {Marandon}, V. and {Guillem Mart{\'\i}-Devesa}, G. and
         {Maurin}, G. and {Mitchell}, A.~M.~W. and {Moderski}, R. and
         {Mohamed}, M. and {Mohrmann}, L. and {Moulin}, E. and {Murach}, T. and
         {de Naurois}, M. and {Niederwanger}, F. and {Niemiec}, J. and
         {Oakes}, L. and {O'Brien}, P. and {Ohm}, S. and {Ostrowski}, M. and
         {Oya}, I. and {Panter}, M. and {Parsons}, R.~D. and {Perennes}, C. and
         {Piel}, Q. and {Pita}, S. and {Poireau}, V. and {Priyana Noel}, A. and
         {Prokoph}, H. and {P{\"u}hlhofer}, G. and {Quirrenbach}, A. and
         {Raab}, S. and {Rauth}, R. and {Renaud}, M. and {Rieger}, F. and
         {Rinchiuso}, L. and {Romoli}, C. and {Rowell}, G. and {Rudak}, B. and
         {Sasaki}, D.~A. and {Sanchez}, M. and {Schlickeiser}, R. and
         {Sch{\"u}ssler}, F. and {Schulz}, A. and {Schwanke}, U. and
         {Seglar-Arroyo}, M. and {Shafi}, N. and {Simoni}, R. and {Sol}, H. and
         {Stegmann}, C. and {Steppa}, C. and {Tavernier}, T. and
         {Taylor}, A.~M. and {Tiziani}, D. and {Trichard}, C. and {Tsirou}, M. and
         {van Eldik}, C. and {van Rensburg}, C. and {van Soelen}, B. and
         {Veh}, J. and {Vincent}, P. and {Voisin}, F. and {Wagner}, S.~J. and
         {Wagner}, R.~M. and {Wierzcholska}, A. and {Zanin}, R. and
         {Zdziarski}, A.~A. and {Zech}, A. and {Ziegler}, A. and {Zorn}, J. and
         {{\.Z}ywucka}, N. and {INTEGRAL Team} and {Savchenko}, V. and
         {Ferrigno}, C. and {Bazzano}, A. and {Diehl}, R. and {Kuulkers}, E. and
         {Laurent}, P. and {Mereghetti}, S. and {Natalucci}, L. and
         {Panessa}, F. and {Rodi}, J. and {Ubertini}, P. and {Kanata}, Kiso and
         Subaru Observing Teams and {Morokuma}, T. and {Ohta}, K. and
         {Tanaka}, Y.~T. and {Mori}, H. and {Yamanaka}, M. and
         {Kawabata}, K.~S. and {Utsumi}, Y. and {Nakaoka}, T. and
         {Kawabata}, M. and {Nagashima}, H. and {Yoshida}, M. and
         {Matsuoka}, Y. and {Itoh}, R. and {Kapteyn Team} and {Keel}, W. and
         {Liverpool Telescope Team} and {Copperwheat}, C. and {Steele}, I. and
         {Swift/NuSTAR Team} and {Cenko}, S.~B. and {Cowen}, D.~F. and
         {DeLaunay}, J.~J. and {Evans}, P.~A. and {Fox}, D.~B. and
         {Keivani}, A. and {Kennea}, J.~A. and {Marshall}, F.~E. and
         {Osborne}, J.~P. and {Santander}, M. and {Tohuvavohu}, A. and
         {Turley}, C.~F. and {VERITAS Collaboration} and {Abeysekara}, A.~U. and
         {Archer}, A. and {Benbow}, W. and {Bird}, R. and {Brill}, A. and
         {Brose}, R. and {Buchovecky}, M. and {Buckley}, J.~H. and {Bugaev}, V. and
         {Christiansen}, J.~L. and {Connolly}, M.~P. and {Cui}, W. and
         {Daniel}, M.~K. and {Errando}, M. and {Falcone}, A. and {Feng}, Q. and
         {Finley}, J.~P. and {Fortson}, L. and {Furniss}, A. and {Gueta}, O. and
         {H{\"u}tten}, M. and {Hervet}, O. and {Hughes}, G. and
         {Humensky}, T.~B. and {Johnson}, C.~A. and {Kaaret}, P. and {Kar}, P. and
         {Kelley-Hoskins}, N. and {Kertzman}, M. and {Kieda}, D. and
         {Krause}, M. and {Krennrich}, F. and {Kumar}, S. and {Lang}, M.~J. and
         {Lin}, T.~T.~Y. and {Maier}, G. and {McArthur}, S. and {Moriarty}, P. and
         {Mukherjee}, R. and {Nieto}, D. and {O'Brien}, S. and {Ong}, R.~A. and
         {Otte}, A.~N. and {Park}, N. and {Petrashyk}, A. and {Pohl}, M. and
         {Popkow}, A. and {Pueschel}, S.~E. and {Quinn}, J. and {Ragan}, K. and
         {Reynolds}, P.~T. and {Richards}, G.~T. and {Roache}, E. and
         {Rulten}, C. and {Sadeh}, I. and {Santander}, M. and {Scott}, S.~S. and
         {Sembroski}, G.~H. and {Shahinyan}, K. and {Sushch}, I. and
         {Tr{\'e}panier}, S. and {Tyler}, J. and {Vassiliev}, V.~V. and
         {Wakely}, S.~P. and {Weinstein}, A. and {Wells}, R.~M. and
         {Wilcox}, P. and {Wilhelm}, A. and {Williams}, D.~A. and {Zitzer}, B. and
         {VLA/B Team} and {Tetarenko}, A.~J. and {Kimball}, A.~E. and
         {Miller-Jones}, J.~C.~A. and {Sivakoff}, G.~R.},
        title = "{Multimessenger observations of a flaring blazar coincident with high-energy neutrino IceCube-170922A}",
      journal = {Science},
     keywords = {ASTRONOMY, PHYSICS, ONLINE, ASTRONOMY, PHYSICS, ONLINE, Astrophysics - High Energy Astrophysical Phenomena, High Energy Physics - Experiment},
         year = 2018,
        month = jul,
       volume = {361},
       number = {6398},
          eid = {eaat1378},
        pages = {eaat1378},
          doi = {10.1126/science.aat1378},
archivePrefix = {arXiv},
       eprint = {1807.08816},
 primaryClass = {astro-ph.HE},
       adsurl = {https://ui.adsabs.harvard.edu/abs/2018Sci...361.1378I},
      adsnote = {Provided by the SAO/NASA Astrophysics Data System}
}



@article{Aartsen:2016lir,
	author         = "Aartsen, M. G. and others",
	title          = "{The contribution of Fermi-2LAC blazars to the diffuse
	TeV-PeV neutrino flux}",
	collaboration  = "IceCube",
	journal        = "Astrophys. J.",
	volume         = "835",
	year           = "2017",
	number         = "1",
	pages          = "45",
	doi            = "10.3847/1538-4357/835/1/45",
	eprint         = "1611.03874",
	archivePrefix  = "arXiv",
	primaryClass   = "astro-ph.HE",
	SLACcitation   = "%%CITATION = ARXIV:1611.03874;%%"
}

@article{Komossa:2015qya,
	author         = "Komossa, S.",
	title          = "{Tidal disruption of stars by supermassive black holes:
	Status of observations}",
	journal        = "JHEAp",
	volume         = "7",
	year           = "2015",
	pages          = "148-157",
	doi            = "10.1016/j.jheap.2015.04.006",
	eprint         = "1505.01093",
	archivePrefix  = "arXiv",
	primaryClass   = "astro-ph.HE",
	SLACcitation   = "%%CITATION = ARXIV:1505.01093;%%"
}

@article{Biehl:2017hnb,
	author         = "Biehl, Daniel and Boncioli, Denise and Lunardini, Cecilia
	and Winter, Walter",
	title          = "{Tidally disrupted stars as a possible origin of both
	cosmic rays and neutrinos at the highest energies}",
	journal        = "Sci. Rep.",
	volume         = "8",
	year           = "2018",
	number         = "1",
	pages          = "10828",
	doi            = "10.1038/s41598-018-29022-4",
	eprint         = "1711.03555",
	archivePrefix  = "arXiv",
	primaryClass   = "astro-ph.HE",
	reportNumber   = "DESY-17-205",
	SLACcitation   = "%%CITATION = ARXIV:1711.03555;%%"
}

@ARTICLE{2018ApJ...852...72V,
       author = {{van Velzen}, S.},
        title = "{On the Mass and Luminosity Functions of Tidal Disruption Flares: Rate Suppression due to Black Hole Event Horizons}",
      journal = {\apj},
     keywords = {accretion, accretion disks, black hole physics, galaxies: kinematics and dynamics, galaxies: nuclei, supernovae: general, Astrophysics - High Energy Astrophysical Phenomena, Astrophysics - Astrophysics of Galaxies},
         year = 2018,
        month = jan,
       volume = {852},
       number = {2},
          eid = {72},
        pages = {72},
          doi = {10.3847/1538-4357/aa998e},
archivePrefix = {arXiv},
       eprint = {1707.03458},
 primaryClass = {astro-ph.HE},
       adsurl = {https://ui.adsabs.harvard.edu/abs/2018ApJ...852...72V},
      adsnote = {Provided by the SAO/NASA Astrophysics Data System}
}



@article{Auchettl:2016qfa,
	author         = "Auchettl, Katie and Guillochon, James and Ramirez-Ruiz,
	Enrico",
	title          = "{New physical insights about Tidal Disruption Events from
	a comprehensive observational inventory at X-ray
	wavelengths}",
	journal        = "Astrophys. J.",
	volume         = "838",
	year           = "2017",
	number         = "2",
	pages          = "149",
	doi            = "10.3847/1538-4357/aa633b",
	eprint         = "1611.02291",
	archivePrefix  = "arXiv",
	primaryClass   = "astro-ph.HE",
	SLACcitation   = "%%CITATION = ARXIV:1611.02291;%%"
}

@article{Sun:2015bda,
	author         = "Sun, Hui and Zhang, Bing and Li, Zhuo",
	title          = "{Extragalactic High-energy Transients: Event Rate
	Densities and Luminosity Functions}",
	journal        = "Astrophys. J.",
	volume         = "812",
	year           = "2015",
	number         = "1",
	pages          = "33",
	doi            = "10.1088/0004-637X/812/1/33",
	eprint         = "1509.01592",
	archivePrefix  = "arXiv",
	primaryClass   = "astro-ph.HE",
	SLACcitation   = "%%CITATION = ARXIV:1509.01592;%%"
}

@article{Perley:2018oky,
	author         = "Perley, Daniel A. and others",
	title          = "{The Fast, Luminous Ultraviolet Transient AT2018cow:
	Extreme Supernova, or Disruption of a Star by an
	Intermediate-Mass Black Hole?}",
	journal        = "Mon. Not. Roy. Astron. Soc.",
	volume         = "484",
	year           = "2019",
	number         = "1",
	pages          = "1031-1049",
	doi            = "10.1093/mnras/sty3420",
	eprint         = "1808.00969",
	archivePrefix  = "arXiv",
	primaryClass   = "astro-ph.HE",
	SLACcitation   = "%%CITATION = ARXIV:1808.00969;%%"
}

@ARTICLE{2018ATel11785....1B,
   author = {{Blaufuss}, E.},
    title = "{AT2018cow: IceCube neutrino search}",
  journal = {The Astronomer's Telegram},
 keywords = {Transient},
     year = 2018,
    month = jun,
   volume = 11785,
   adsurl = {https://ui.adsabs.harvard.edu/abs/2018ATel11785....1B},
  adsnote = {Provided by the SAO/NASA Astrophysics Data System}
}

@article{Wang:2018mxl,
      author         = "Wang, Tinggui and Yan, Lin and Dou, Liming and Jiang,
                        Ning and Sheng, Zhenfeng and Yang, Chenwei",
      title          = "{Long-Term Decline of the Mid-Infrared Emission of Normal
                        Galaxies: Dust Echo of Tidal Disruption Flare?}",
      journal        = "Mon. Not. Roy. Astron. Soc.",
      volume         = "477",
      year           = "2018",
      number         = "3",
      pages          = "2943-2965",
      doi            = "10.1093/mnras/sty465",
      eprint         = "1802.05105",
      archivePrefix  = "arXiv",
      primaryClass   = "astro-ph.HE",
      SLACcitation   = "%%CITATION = ARXIV:1802.05105;%%"
}



@ARTICLE{2017PhRvD..95l3001L,
       author = {{Lunardini}, Cecilia and {Winter}, Walter},
        title = "{High energy neutrinos from the tidal disruption of stars}",
      journal = {\prd},
     keywords = {Astrophysics - High Energy Astrophysical Phenomena, High Energy Physics - Phenomenology},
         year = 2017,
        month = jun,
       volume = {95},
       number = {12},
          eid = {123001},
        pages = {123001},
          doi = {10.1103/PhysRevD.95.123001},
archivePrefix = {arXiv},
       eprint = {1612.03160},
 primaryClass = {astro-ph.HE},
       adsurl = {https://ui.adsabs.harvard.edu/abs/2017PhRvD..95l3001L},
      adsnote = {Provided by the SAO/NASA Astrophysics Data System}
}



@INPROCEEDINGS{2019ICRC...36.1021B,
       author = {{Blaufuss}, E. and {Kintscher}, T. and {Lu}, L. and {Tung}, C.~F.},
        title = "{The Next Generation of IceCube Real-time Neutrino Alerts}",
     keywords = {Astrophysics - High Energy Astrophysical Phenomena, Astrophysics - Instrumentation and Methods for Astrophysics},
    booktitle = {36th International Cosmic Ray Conference (ICRC2019)},
         year = "2019",
       series = {International Cosmic Ray Conference},
       volume = {36},
        month = "Jul",
          eid = {1021},
        pages = {1021},
archivePrefix = {arXiv},
       eprint = {1908.04884},
 primaryClass = {astro-ph.HE},
       adsurl = {https://ui.adsabs.harvard.edu/abs/2019ICRC...36.1021B},
      adsnote = {Provided by the SAO/NASA Astrophysics Data System}
}

@article{icrc_19_fra,
      author         = "",
      title          = "{Searching for Common Sources of Gravitational waves and Neutrinos}",
      collaboration  = "IceCube",
      journal        = "PoS",
      volume         = "ICRC2019",
      pages          = "1026",
      year           = "these proceedings",
}

@ARTICLE{wevers,
       author = {{Wevers}, Thomas and {Stone}, Nicholas C. and {van Velzen}, Sjoert and
         {Jonker}, Peter G. and {Hung}, Tiara and {Auchettl}, Katie and
         {Gezari}, Suvi and {Onori}, Francesca and {S{\'a}nchez}, Daniel Mata and
         {Kostrzewa-Rutkowska}, Zuzanna},
        title = "{Black hole masses of tidal disruption event host galaxies II}",
      journal = {Mon. Not. Roy. Astron. Soc.},
     keywords = {galaxies: bulges, galaxies: nuclei, galaxies: fundamental parameters, accretion, accretion disks, galaxies: kinematics and dynamics, Astrophysics - High Energy Astrophysical Phenomena, Astrophysics - Astrophysics of Galaxies},
         year = "2019",
        month = "Jun",
        pages = {1534},
          doi = {10.1093/mnras/stz1602},
archivePrefix = {arXiv},
       eprint = {1902.04077},
 primaryClass = {astro-ph.HE},
       adsurl = {https://ui.adsabs.harvard.edu/abs/2019MNRAS.tmp.1534W},
      adsnote = {Provided by the SAO/NASA Astrophysics Data System}
}

@INBOOK{1996ASPC..101...17A,
       author = {{Arnaud}, K.~A.},
        title = "{XSPEC: The First Ten Years}",
    booktitle = {Astronomical Data Analysis Software and Systems V},
         year = 1996,
      editor = {{Jacoby}, George H. and {Barnes}, Jeannette},
       volume = {101},
       series = {Astronomical Society of the Pacific Conference Series},
        pages = {17},
       adsurl = {https://ui.adsabs.harvard.edu/abs/1996ASPC..101...17A},
      adsnote = {Provided by the SAO/NASA Astrophysics Data System}
}

@ARTICLE{2005MNRAS.359..765G,
       author = {{Garcia-Rissmann}, A. and {Vega}, L.~R. and {Asari}, N.~V. and {Cid Fernand
        es}, R. and {Schmitt}, H. and {Gonz{\'a}lez Delgado}, R.~M. and
         {Storchi-Bergmann}, T.},
        title = "{An atlas of calcium triplet spectra of active galaxies}",
      journal = {\mnras},
     keywords = {galaxies: active, galaxies: kinematics and dynamics, galaxies: Seyfert, galaxies: statistics, galaxies: stellar content, Astrophysics},
         year = 2005,
        month = may,
       volume = {359},
       number = {2},
        pages = {765-780},
          doi = {10.1111/j.1365-2966.2005.08957.x},
archivePrefix = {arXiv},
       eprint = {astro-ph/0502478},
 primaryClass = {astro-ph},
       adsurl = {https://ui.adsabs.harvard.edu/abs/2005MNRAS.359..765G},
      adsnote = {Provided by the SAO/NASA Astrophysics Data System}
}



@article{IceCube:2018cha,
      author         = "Aartsen, M. G. and others",
      title          = "{Neutrino emission from the direction of the blazar TXS
                        0506+056 prior to the IceCube-170922A alert}",
      collaboration  = "IceCube",
      journal        = "Science",
      volume         = "361",
      year           = "2018",
      number         = "6398",
      pages          = "147-151",
      doi            = "10.1126/science.aat2890",
      eprint         = "1807.08794",
      archivePrefix  = "arXiv",
      primaryClass   = "astro-ph.HE",
      SLACcitation   = "%%CITATION = ARXIV:1807.08794;%%"
}

@ARTICLE{2019ATel13160....1S,
       author = {{Stein}, Robert and {Franckowiak}, Anna and {Necker}, Jannis and
         {Gezari}, Suvi and {Velzen}, Sjoert van},
        title = "{Candidate Counterparts to IceCube-191001A with ZTF}",
      journal = {The Astronomer's Telegram},
     keywords = {Supernovae, Transient, Tidal Disruption Event},
         year = "2019",
        month = "Oct",
       volume = {13160},
        pages = {1},
       adsurl = {https://ui.adsabs.harvard.edu/abs/2019ATel13160....1S},
      adsnote = {Provided by the SAO/NASA Astrophysics Data System}
}

@article{Aartsen:2015knd,
      author         = "Aartsen, M. G. and others",
      title          = "{A combined maximum-likelihood analysis of the
                        high-energy astrophysical neutrino flux measured with
                        IceCube}",
      collaboration  = "IceCube",
      journal        = "Astrophys. J.",
      volume         = "809",
      year           = "2015",
      number         = "1",
      pages          = "98",
      doi            = "10.1088/0004-637X/809/1/98",
      eprint         = "1507.03991",
      archivePrefix  = "arXiv",
      primaryClass   = "astro-ph.HE",
      SLACcitation   = "%%CITATION = ARXIV:1507.03991;%%"
}

@article{Margutti:2018rri,
      author         = "Margutti, R. and others",
      title          = "{An Embedded X-Ray Source Shines through the Aspherical
                        AT 2018cow: Revealing the Inner Workings of the Most
                        Luminous Fast-evolving Optical Transients}",
      journal        = "Astrophys. J.",
      volume         = "872",
      year           = "2019",
      number         = "1",
      pages          = "18",
      doi            = "10.3847/1538-4357/aafa01",
      eprint         = "1810.10720",
      archivePrefix  = "arXiv",
      primaryClass   = "astro-ph.HE",
      SLACcitation   = "%%CITATION = ARXIV:1810.10720;%%"
}

@ARTICLE{2007APh....27..533K,
       author = {{Kowalski}, Marek and {Mohr}, Anna},
        title = "{Detecting neutrino transients with optical follow-up observations}",
      journal = {Astroparticle Physics},
     keywords = {95.55.Vj, 95.85.Ry, 98.70.Rz, 98.70.Sa, Neutrino muon pion and other elementary particle detectors, cosmic ray detectors, Neutrino muon pion and other elementary particles, cosmic rays, gamma-ray sources, gamma-ray bursts, Cosmic rays, Astrophysics},
         year = 2007,
        month = jul,
       volume = {27},
       number = {6},
        pages = {533-538},
          doi = {10.1016/j.astropartphys.2007.03.005},
archivePrefix = {arXiv},
       eprint = {astro-ph/0701618},
 primaryClass = {astro-ph},
       adsurl = {https://ui.adsabs.harvard.edu/abs/2007APh....27..533K},
      adsnote = {Provided by the SAO/NASA Astrophysics Data System}
}



@inproceedings{Achterberg:2005mn,
      author         = "Achterberg, A. and others",
      title          = "{Multi-messenger studies with amanda/icecube:
                        observations and strategies}",
      booktitle      = "{Proceedings,  7th Workshop on Towards a Network of
                        Atmospheric Cherenkov Detectors 2005: Palaiseau, France,
                        April 27-29, 2005}",
      collaboration  = "IceCube",
      year           = "2005",
      pages          = "307-315",
      eprint         = "astro-ph/0509396",
      archivePrefix  = "arXiv",
      primaryClass   = "astro-ph",
      SLACcitation   = "%%CITATION = ASTRO-PH/0509396;%%"
}

@ARTICLE{2013ApJ...772...78B,
       author = {{Barniol Duran}, Rodolfo and {Nakar}, Ehud and {Piran}, Tsvi},
        title = "{Radius Constraints and Minimal Equipartition Energy of Relativistically Moving Synchrotron Sources}",
      journal = {\apj},
     keywords = {methods: analytical, radiation mechanisms: non-thermal, Astrophysics - High Energy Astrophysical Phenomena},
         year = 2013,
        month = jul,
       volume = {772},
       number = {1},
          eid = {78},
        pages = {78},
          doi = {10.1088/0004-637X/772/1/78},
archivePrefix = {arXiv},
       eprint = {1301.6759},
 primaryClass = {astro-ph.HE},
       adsurl = {https://ui.adsabs.harvard.edu/abs/2013ApJ...772...78B},
      adsnote = {Provided by the SAO/NASA Astrophysics Data System}
}



@ARTICLE{1977MNRAS.180..539S,
       author = {{Scott}, M.~A. and {Readhead}, A.~C.~S.},
        title = "{The low-frequency structure of powerful radio sources and limits to departures from equipartition.}",
      journal = {\mnras},
     keywords = {Fine Structure, Low Frequencies, Radio Sources (Astronomy), Quasars, Radio Astronomy, Radio Galaxies, Synchrotron Radiation, Astrophysics},
         year = "1977",
        month = "Sep",
       volume = {180},
        pages = {539-550},
          doi = {10.1093/mnras/180.4.539},
       adsurl = {https://ui.adsabs.harvard.edu/abs/1977MNRAS.180..539S},
      adsnote = {Provided by the SAO/NASA Astrophysics Data System}
}

@article{Strubbe:2009qs,
      author         = "Strubbe, Linda E. and Quataert, Eliot",
      title          = "{Optical Flares from the Tidal Disruption of Stars by
                        Massive Black Holes}",
      journal        = "Mon. Not. Roy. Astron. Soc.",
      volume         = "400",
      year           = "2009",
      pages          = "2070",
      doi            = "10.1111/j.1365-2966.2009.15599.x",
      eprint         = "0905.3735",
      archivePrefix  = "arXiv",
      primaryClass   = "astro-ph.CO",
      SLACcitation   = "%%CITATION = ARXIV:0905.3735;%%"
}

@ARTICLE{2008MNRAS.391.1545Z,
       author = {{Zwart}, J.~T.~L. and {Barker}, R.~W. and {Biddulph}, P. and {Bly}, D. and
         {Boysen}, R.~C. and {Brown}, A.~R. and {Clementson}, C. and
         {Crofts}, M. and {Culverhouse}, T.~L. and {Czeres}, J. and
         {Dace}, R.~J. and {Davies}, M.~L. and {D'Alessandro}, R. and
         {Doherty}, P. and {Duggan}, K. and {Ely}, J.~A. and {Felvus}, M. and
         {Feroz}, F. and {Flynn}, W. and {Franzen}, T.~M.~O. and
         {Geisb{\"u}sch}, J. and {G{\'e}nova-Santos}, R. and
         {Grainge}, K.~J.~B. and {Grainger}, W.~F. and {Hammett}, D. and
         {Hills}, R.~E. and {Hobson}, M.~P. and {Holler}, C.~M. and
         {Hurley-Walker}, N. and {Jilley}, R. and {Jones}, M.~E. and
         {Kaneko}, T. and {Kneissl}, R. and {Lancaster}, K. and
         {Lasenby}, A.~N. and {Marshall}, P.~J. and {Newton}, F. and
         {Norris}, O. and {Northrop}, I. and {Odell}, D.~M. and {Petencin}, G. and
         {Pober}, J.~C. and {Pooley}, G.~G. and {Pospieszalski}, M.~W. and
         {Quy}, V. and {Rodr{\'\i}guez-Gonz{\'a}lvez}, C. and
         {Saunders}, R.~D.~E. and {Scaife}, A.~M.~M. and {Schofield}, J. and
         {Scott}, P.~F. and {Shaw}, C. and {Shimwell}, T.~W. and {Smith}, H. and
         {Taylor}, A.~C. and {Titterington}, D.~J. and {Veli{\'c}}, M. and
         {Waldram}, E.~M. and {West}, S. and {Wood}, B.~A. and {Yassin}, G. and
         {AMI Consortium}},
        title = "{The Arcminute Microkelvin Imager}",
      journal = {\mnras},
     keywords = {instrumentation: interferometers, telescopes, galaxies: clusters: general, cosmic microwave background, cosmology: observations, radio continuum: general, Astrophysics},
         year = 2008,
        month = dec,
       volume = {391},
       number = {4},
        pages = {1545-1558},
          doi = {10.1111/j.1365-2966.2008.13953.x},
archivePrefix = {arXiv},
       eprint = {0807.2469},
 primaryClass = {astro-ph},
       adsurl = {https://ui.adsabs.harvard.edu/abs/2008MNRAS.391.1545Z},
      adsnote = {Provided by the SAO/NASA Astrophysics Data System}
}

@ARTICLE{2015MNRAS.453.1396P,
       author = {{Perrott}, Yvette C. and {Scaife}, Anna M.~M. and {Green}, David A. and
         {Grainge}, Keith J.~B. and {Hurley-Walker}, Natasha and
         {Jin}, Terry Z. and {Rumsey}, Clare and {Titterington}, David J.},
        title = "{AMI Galactic Plane Survey at 16 GHz - II. Full data release with extended coverage and improved processing}",
      journal = {\mnras},
     keywords = {catalogues, surveys, ISM: general, Galaxy: general, radio continuum: general, Astrophysics - Astrophysics of Galaxies},
         year = 2015,
        month = oct,
       volume = {453},
       number = {2},
        pages = {1396-1403},
          doi = {10.1093/mnras/stv1728},
archivePrefix = {arXiv},
       eprint = {1508.00741},
 primaryClass = {astro-ph.GA},
       adsurl = {https://ui.adsabs.harvard.edu/abs/2015MNRAS.453.1396P},
      adsnote = {Provided by the SAO/NASA Astrophysics Data System}
}



@ARTICLE{2018MNRAS.475.5677H,
       author = {{Hickish}, Jack and {Razavi-Ghods}, Nima and {Perrott}, Yvette C. and
         {Titterington}, David J. and {Carey}, Steve H. and {Scott}, Paul F. and
         {Grainge}, Keith J.~B. and {Scaife}, Anna M.~M. and {Alexander}, Paul and
         {Saunders}, Richard D.~E. and {Crofts}, Mike and {Javid}, Kamran and
         {Rumsey}, Clare and {Jin}, Terry Z. and {Ely}, John A. and
         {Shaw}, Clive and {Northrop}, Ian G. and {Pooley}, Guy and {D'Alessand
        ro}, Robert and {Doherty}, Peter and {Willatt}, Greg P.},
        title = "{A digital correlator upgrade for the Arcminute MicroKelvin Imager}",
      journal = {\mnras},
     keywords = {instrumentation: interferometers, techniques: interferometric, telescopes, Astrophysics - Instrumentation and Methods for Astrophysics},
         year = 2018,
        month = apr,
       volume = {475},
       number = {4},
        pages = {5677-5687},
          doi = {10.1093/mnras/sty074},
archivePrefix = {arXiv},
       eprint = {1707.04237},
 primaryClass = {astro-ph.IM},
       adsurl = {https://ui.adsabs.harvard.edu/abs/2018MNRAS.475.5677H},
      adsnote = {Provided by the SAO/NASA Astrophysics Data System}
}



@article{Bloom:2011xk,
      author         = "Bloom, Joshua S. and others",
      title          = "{A relativistic jetted outburst from a massive black hole
                        fed by a tidally disrupted star}",
      journal        = "Science",
      volume         = "333",
      year           = "2011",
      pages          = "203",
      doi            = "10.1126/science.1207150",
      eprint         = "1104.3257",
      archivePrefix  = "arXiv",
      primaryClass   = "astro-ph.HE",
      SLACcitation   = "%%CITATION = ARXIV:1104.3257;%%"
}

@ARTICLE{2004ApJ...611.1005G,
       author = {{Gehrels}, N. and {Chincarini}, G. and {Giommi}, P. and {Mason}, K.~O. and
         {Nousek}, J.~A. and {Wells}, A.~A. and {White}, N.~E. and
         {Barthelmy}, S.~D. and {Burrows}, D.~N. and {Cominsky}, L.~R. and
         {Hurley}, K.~C. and {Marshall}, F.~E. and {M{\'e}sz{\'a}ros}, P. and
         {Roming}, P.~W.~A. and {Angelini}, L. and {Barbier}, L.~M. and
         {Belloni}, T. and {Campana}, S. and {Caraveo}, P.~A. and
         {Chester}, M.~M. and {Citterio}, O. and {Cline}, T.~L. and
         {Cropper}, M.~S. and {Cummings}, J.~R. and {Dean}, A.~J. and
         {Feigelson}, E.~D. and {Fenimore}, E.~E. and {Frail}, D.~A. and
         {Fruchter}, A.~S. and {Garmire}, G.~P. and {Gendreau}, K. and
         {Ghisellini}, G. and {Greiner}, J. and {Hill}, J.~E. and
         {Hunsberger}, S.~D. and {Krimm}, H.~A. and {Kulkarni}, S.~R. and
         {Kumar}, P. and {Lebrun}, F. and {Lloyd-Ronning}, N.~M. and
         {Markwardt}, C.~B. and {Mattson}, B.~J. and {Mushotzky}, R.~F. and
         {Norris}, J.~P. and {Osborne}, J. and {Paczynski}, B. and
         {Palmer}, D.~M. and {Park}, H. -S. and {Parsons}, A.~M. and {Paul}, J. and
         {Rees}, M.~J. and {Reynolds}, C.~S. and {Rhoads}, J.~E. and
         {Sasseen}, T.~P. and {Schaefer}, B.~E. and {Short}, A.~T. and
         {Smale}, A.~P. and {Smith}, I.~A. and {Stella}, L. and
         {Tagliaferri}, G. and {Takahashi}, T. and {Tashiro}, M. and
         {Townsley}, L.~K. and {Tueller}, J. and {Turner}, M.~J.~L. and
         {Vietri}, M. and {Voges}, W. and {Ward}, M.~J. and {Willingale}, R. and
         {Zerbi}, F.~M. and {Zhang}, W.~W.},
        title = "{The Swift Gamma-Ray Burst Mission}",
      journal = {\apj},
     keywords = {Gamma Rays: Bursts, Space Vehicles: Instruments, Telescopes, Astrophysics},
         year = 2004,
        month = aug,
       volume = {611},
       number = {2},
        pages = {1005-1020},
          doi = {10.1086/422091},
archivePrefix = {arXiv},
       eprint = {astro-ph/0405233},
 primaryClass = {astro-ph},
       adsurl = {https://ui.adsabs.harvard.edu/abs/2004ApJ...611.1005G},
      adsnote = {Provided by the SAO/NASA Astrophysics Data System}
}



@ARTICLE{2005SSRv..120...95R,
       author = {{Roming}, Peter W.~A. and {Kennedy}, Thomas E. and {Mason}, Keith O. and
         {Nousek}, John A. and {Ahr}, Lindy and {Bingham}, Richard E. and
         {Broos}, Patrick S. and {Carter}, Mary J. and {Hancock}, Barry K. and
         {Huckle}, Howard E. and {Hunsberger}, S.~D. and {Kawakami}, Hajime and
         {Killough}, Ronnie and {Koch}, T. Scott and {McLelland}, Michael K. and
         {Smith}, Kelly and {Smith}, Philip J. and {Soto}, Juan Carlos and
         {Boyd}, Patricia T. and {Breeveld}, Alice A. and {Holland}, Stephen T. and
         {Ivanushkina}, Mariya and {Pryzby}, Michael S. and {Still}, Martin D. and
         {Stock}, Joseph},
        title = "{The Swift Ultra-Violet/Optical Telescope}",
      journal = {\ssr},
     keywords = {Astrophysics},
         year = 2005,
        month = oct,
       volume = {120},
       number = {3-4},
        pages = {95-142},
          doi = {10.1007/s11214-005-5095-4},
archivePrefix = {arXiv},
       eprint = {astro-ph/0507413},
 primaryClass = {astro-ph},
       adsurl = {https://ui.adsabs.harvard.edu/abs/2005SSRv..120...95R},
      adsnote = {Provided by the SAO/NASA Astrophysics Data System}
}



@article{Cenko:2011ys,
      author         = "Cenko, S. Bradley and others",
      title          = "{Swift J2058.4+0516: Discovery of a Possible Second
                        Relativistic Tidal Disruption Flare}",
      journal        = "Astrophys. J.",
      volume         = "753",
      year           = "2012",
      pages          = "77",
      doi            = "10.1088/0004-637X/753/1/77",
      eprint         = "1107.5307",
      archivePrefix  = "arXiv",
      primaryClass   = "astro-ph.HE",
      SLACcitation   = "%%CITATION = ARXIV:1107.5307;%%"
}

@ARTICLE{2009ApJ...697.1071A,
   author = {{Atwood}, W.~B. and {Abdo}, A.~A. and {Ackermann}, M. and others},
    title = "{The Large Area Telescope on the Fermi Gamma-Ray Space Telescope Mission}",
  journal = {\apj},
archivePrefix = "arXiv",
   eprint = {0902.1089},
 primaryClass = "astro-ph.IM",
 keywords = {cosmic rays, galaxies: active, Galaxy: general, gamma rays: observations, Sun: X-rays, gamma rays, telescopes},
     year = 2009,
    month = jun,
   volume = 697,
    pages = {1071-1102},
      doi = {10.1088/0004-637X/697/2/1071},
   adsurl = {http://adsabs.harvard.edu/abs/2009ApJ...697.1071A},
  adsnote = {Provided by the SAO/NASA Astrophysics Data System}
}

@INPROCEEDINGS{2017ICRC...35..824W,
       author = {{Wood}, M. and {Caputo}, R. and {Charles}, E. and {Di Mauro}, M. and
         {Magill}, J. and {Perkins}, J.~S. and {Fermi-LAT Collaboration}},
        title = "{Fermipy: An open-source Python package for analysis of Fermi-LAT Data}",
     keywords = {Astrophysics - Instrumentation and Methods for Astrophysics},
    booktitle = {35th International Cosmic Ray Conference (ICRC2017)},
         year = 2017,
       series = {International Cosmic Ray Conference},
       volume = {301},
        month = jan,
          eid = {824},
        pages = {824},
archivePrefix = {arXiv},
       eprint = {1707.09551},
 primaryClass = {astro-ph.IM},
       adsurl = {https://ui.adsabs.harvard.edu/abs/2017ICRC...35..824W},
      adsnote = {Provided by the SAO/NASA Astrophysics Data System}
}



@ARTICLE{1984ARA&A..22..425H,
       author = {{Hillas}, A.~M.},
        title = "{The Origin of Ultra-High-Energy Cosmic Rays}",
      journal = {\araa},
         year = 1984,
        month = jan,
       volume = {22},
        pages = {425-444},
          doi = {10.1146/annurev.aa.22.090184.002233},
       adsurl = {https://ui.adsabs.harvard.edu/abs/1984ARA&A..22..425H},
      adsnote = {Provided by the SAO/NASA Astrophysics Data System}
}

@article{Chevalier:1998,
author = "Chevalier, R. A.",
title = " Synchrotron Self-Absorption in Radio Supernovae",
journal = "Astrophys. J.",
volume = "499",
issue = "2", 
pages = "810-819",
year = "1998"
}

@ARTICLE{2017ApJ...838..149A,
       author = {{Auchettl}, Katie and {Guillochon}, James and {Ramirez-Ruiz}, Enrico},
        title = "{New Physical Insights about Tidal Disruption Events from a Comprehensive Observational Inventory at X-Ray Wavelengths}",
      journal = {\apj},
     keywords = {accretion, accretion disks, black hole physics, galaxies: active, X-rays: general, Astrophysics - High Energy Astrophysical Phenomena},
         year = 2017,
        month = apr,
       volume = {838},
       number = {2},
          eid = {149},
        pages = {149},
          doi = {10.3847/1538-4357/aa633b},
archivePrefix = {arXiv},
       eprint = {1611.02291},
 primaryClass = {astro-ph.HE},
       adsurl = {https://ui.adsabs.harvard.edu/abs/2017ApJ...838..149A},
      adsnote = {Provided by the SAO/NASA Astrophysics Data System}
}



@ARTICLE{2001A&A...365L...1J,
       author = {{Jansen}, F. and {Lumb}, D. and {Altieri}, B. and {Clavel}, J. and
         {Ehle}, M. and {Erd}, C. and {Gabriel}, C. and {Guainazzi}, M. and
         {Gondoin}, P. and {Much}, R. and {Munoz}, R. and {Santos}, M. and
         {Schartel}, N. and {Texier}, D. and {Vacanti}, G.},
        title = "{XMM-Newton observatory. I. The spacecraft and operations}",
      journal = {\aap},
     keywords = {INSTRUMENTS, X-RAY ASTRONOMY},
         year = 2001,
        month = jan,
       volume = {365},
        pages = {L1-L6},
          doi = {10.1051/0004-6361:20000036},
       adsurl = {https://ui.adsabs.harvard.edu/abs/2001A&A...365L...1J},
      adsnote = {Provided by the SAO/NASA Astrophysics Data System}
}



@ARTICLE{2005SSRv..120..165B,
       author = {{Burrows}, David N. and {Hill}, J.~E. and {Nousek}, J.~A. and
         {Kennea}, J.~A. and {Wells}, A. and {Osborne}, J.~P. and
         {Abbey}, A.~F. and {Beardmore}, A. and {Mukerjee}, K. and
         {Short}, A.~D.~T. and {Chincarini}, G. and {Campana}, S. and
         {Citterio}, O. and {Moretti}, A. and {Pagani}, C. and
         {Tagliaferri}, G. and {Giommi}, P. and {Capalbi}, M. and
         {Tamburelli}, F. and {Angelini}, L. and {Cusumano}, G. and
         {Br{\"a}uninger}, H.~W. and {Burkert}, W. and {Hartner}, G.~D.},
        title = "{The Swift X-Ray Telescope}",
      journal = {\ssr},
     keywords = {gamma-ray burst, X-ray telescope, Swift, X-ray instrumentation, X-ray CCD detector, X-ray mirrors, {\ensuremath{\gamma}}-ray burst, Astrophysics},
         year = 2005,
        month = oct,
       volume = {120},
       number = {3-4},
        pages = {165-195},
          doi = {10.1007/s11214-005-5097-2},
archivePrefix = {arXiv},
       eprint = {astro-ph/0508071},
 primaryClass = {astro-ph},
       adsurl = {https://ui.adsabs.harvard.edu/abs/2005SSRv..120..165B},
      adsnote = {Provided by the SAO/NASA Astrophysics Data System}
}


@article{Biehl:2017hnb,
      author         = "Biehl, Daniel and Boncioli, Denise and Lunardini, Cecilia
                        and Winter, Walter",
      title          = "{Tidally disrupted stars as a possible origin of both
                        cosmic rays and neutrinos at the highest energies}",
      journal        = "Sci. Rep.",
      volume         = "8",
      year           = "2018",
      number         = "1",
      pages          = "10828",
      doi            = "10.1038/s41598-018-29022-4",
      eprint         = "1711.03555",
      archivePrefix  = "arXiv",
      primaryClass   = "astro-ph.HE",
      reportNumber   = "DESY-17-205",
      SLACcitation   = "%%CITATION = ARXIV:1711.03555;%%"
}


% hidden sources
@article{Wang:2015mmh,
      author         = "Wang, Xiang-Yu and Liu, Ruo-Yu",
      title          = "{Tidal disruption jets of supermassive black holes as
                        hidden sources of cosmic rays: explaining the IceCube
                        TeV-PeV neutrinos}",
      journal        = "Phys. Rev.",
      volume         = "D93",
      year           = "2016",
      number         = "8",
      pages          = "083005",
      doi            = "10.1103/PhysRevD.93.083005",
      eprint         = "1512.08596",
      archivePrefix  = "arXiv",
      primaryClass   = "astro-ph.HE",
      SLACcitation   = "%%CITATION = ARXIV:1512.08596;%%"
}

@article{garrappa_buson:gcn25932,
      author         = {{Garrappa}, Simone and {Buson}, Sara},
      title = "{Fermi-LAT Gamma-ray Observations of IceCube-191001A}",
      journal        = "GCN Circular",
      volume         = "25932", 
      year           = "2019",
}

@ARTICLE{2019arXiv190210045T,
       author = {{The Fermi-LAT collaboration}},
        title = "{Fermi Large Area Telescope Fourth Source Catalog}",
      journal = {arXiv e-prints},
     keywords = {Astrophysics - High Energy Astrophysical Phenomena},
         year = "2019",
        month = "Feb",
          eid = {arXiv:1902.10045},
        pages = {arXiv:1902.10045},
archivePrefix = {arXiv},
       eprint = {1902.10045},
 primaryClass = {astro-ph.HE},
       adsurl = {https://ui.adsabs.harvard.edu/abs/2019arXiv190210045T},
      adsnote = {Provided by the SAO/NASA Astrophysics Data System}
}

@ARTICLE{2013ApJ...767...14P,
       author = {{Pursimo}, Tapio and {Ojha}, Roopesh and {Jauncey}, David L. and
         {Rickett}, Barney J. and {Dutka}, Michael S. and {Koay}, Jun Yi and
         {Lovell}, James E.~J. and {Bignall}, Hayley E. and
         {Kedziora-Chudczer}, Lucyna and {Macquart}, Jean-Pierre},
        title = "{The Micro-Arcsecond Scintillation-Induced Variability (MASIV) Survey. III. Optical Identifications and New Redshifts}",
      journal = {\apj},
     keywords = {BL Lacertae objects: general, galaxies: distances and redshifts, galaxies: ISM, intergalactic medium, quasars: general, Astrophysics - Cosmology and Nongalactic Astrophysics},
         year = "2013",
        month = "Apr",
       volume = {767},
       number = {1},
          eid = {14},
        pages = {14},
          doi = {10.1088/0004-637X/767/1/14},
archivePrefix = {arXiv},
       eprint = {1302.3409},
 primaryClass = {astro-ph.CO},
       adsurl = {https://ui.adsabs.harvard.edu/abs/2013ApJ...767...14P},
      adsnote = {Provided by the SAO/NASA Astrophysics Data System}
}

@article{Bustamante:2014oka,
      author         = "Bustamante, Mauricio and Baerwald, Philipp and Murase,
                        Kohta and Winter, Walter",
      title          = "{Neutrino and cosmic-ray emission from multiple internal
                        shocks in gamma-ray bursts}",
      year           = "2014",
      doi            = "10.1038/ncomms7783",
      note           = "[Nature Commun.6,6783(2015)]",
      eprint         = "1409.2874",
      archivePrefix  = "arXiv",
      primaryClass   = "astro-ph.HE",
      SLACcitation   = "%%CITATION = ARXIV:1409.2874;%%"
}
@article{Ros:2019bgo,
      author         = "Ros, E. and Kadler, M. and Perucho, M. and Boccardi, B.
                        and Cao, H. -M. and Giroletti, M. and Krauß, F. and Ojha,
                        R.",
      title          = "{Apparent superluminal core expansion and limb
                        brightening in the candidate neutrino blazar TXS
                        0506+056}",
      journal        = "Astron. Astrophys.",
      volume         = "633",
      year           = "2020",
      pages          = "L1",
      doi            = "10.1051/0004-6361/201937206",
      eprint         = "1912.01743",
      archivePrefix  = "arXiv",
      primaryClass   = "astro-ph.GA",
      SLACcitation   = "%%CITATION = ARXIV:1912.01743;%%"
}


@ARTICLE{2015ApJ...802..133D,
       author = {{Diltz}, C. and {B{\"o}ttcher}, M. and {Fossati}, G.},
        title = "{Time Dependent Hadronic Modeling of Flat Spectrum Radio Quasars}",
      journal = {\apj},
     keywords = {galaxies: active, galaxies: jets, gamma rays: galaxies, radiation mechanisms: non-thermal, relativistic processes, Astrophysics - High Energy Astrophysical Phenomena},
         year = "2015",
        month = "Apr",
       volume = {802},
       number = {2},
          eid = {133},
        pages = {133},
          doi = {10.1088/0004-637X/802/2/133},
archivePrefix = {arXiv},
       eprint = {1502.03950},
 primaryClass = {astro-ph.HE},
       adsurl = {https://ui.adsabs.harvard.edu/abs/2015ApJ...802..133D},
      adsnote = {Provided by the SAO/NASA Astrophysics Data System}
}

@ARTICLE{2019NatAs...3...88G,
       author = {{Gao}, Shan and {Fedynitch}, Anatoli and {Winter}, Walter and
         {Pohl}, Martin},
        title = "{Modelling the coincident observation of a high-energy neutrino and a bright blazar flare}",
      journal = {Nature Astronomy},
     keywords = {Astrophysics - High Energy Astrophysical Phenomena, High Energy Physics - Phenomenology},
         year = "2019",
        month = "Jan",
       volume = {3},
        pages = {88-92},
          doi = {10.1038/s41550-018-0610-1},
archivePrefix = {arXiv},
       eprint = {1807.04275},
 primaryClass = {astro-ph.HE},
       adsurl = {https://ui.adsabs.harvard.edu/abs/2019NatAs...3...88G},
      adsnote = {Provided by the SAO/NASA Astrophysics Data System}
}

@INPROCEEDINGS{McMullin2007,
       author = {{McMullin}, J.~P. and {Waters}, B. and {Schiebel}, D. and {Young}, W. and
         {Golap}, K.},
        title = "{CASA Architecture and Applications}",
    booktitle = {Astronomical Data Analysis Software and Systems XVI},
         year = "2007",
       editor = {{Shaw}, R.~A. and {Hill}, F. and {Bell}, D.~J.},
       series = {Astronomical Society of the Pacific Conference Series},
       volume = {376},
        month = "Oct",
        pages = {127},
       adsurl = {https://ui.adsabs.harvard.edu/abs/2007ASPC..376..127M},
      adsnote = {Provided by the SAO/NASA Astrophysics Data System}
}

@ARTICLE{Oke95,
  author = {{Oke}, J.~B. and {Cohen}, J.~G. and {Carr}, M. and {Cromer}, J. and {Dingizian}, A. and {Harris}, F.~H. and {Labrecque}, S. and {Lucinio}, R. and {Schaal}, W. and {Epps}, H. and {Miller}, J.},
   title = "{The Keck Low-Resolution Imaging Spectrometer}",
 journal = {\pasp},
    year = 1995,
   month = apr,
  volume = 107,
   pages = {375-+},
  adsurl = {http://adsabs.harvard.edu/cgi-bin/nph-bib_query?bibcode=1995PASP..107..375O&db_key=AST},
 adsnote = {Provided by the NASA Astrophysics Data System}
}

@BOOK{Miller93,
  author = {{Miller}, J.~S. and {Stone}, R.~P.~S.},
   title = "{Lick Obs. Tech. Rep. 66}",
publisher = {Santa Cruz: Lick Obs.},
    year = 1993
}

@ARTICLE{2019PASP..131d8001C,
       author = {{Coughlin}, Michael W. and {Ahumada}, Tom{\'a}s and {Cenko}, S. Bradley and
         {Cunningham}, Virginia and {Ghosh}, Shaon and {Singer}, Leo P. and
         {Bellm}, Eric C. and {Burns}, Eric and {De}, Kishalay and
         {Goldstein}, Adam and {Golkhou}, V. Zach and {Kaplan}, David L. and
         {Kasliwal}, Mansi M. and {Perley}, Daniel A. and {Sollerman}, Jesper and
         {Bagdasaryan}, Ashot and {Dekany}, Richard G. and {Duev}, Dmitry A. and
         {Feeney}, Michael and {Graham}, Matthew J. and {Hale}, David and
         {Kulkarni}, Shri R. and {Kupfer}, Thomas and {Laher}, Russ R. and
         {Mahabal}, Ashish and {Masci}, Frank J. and {Miller}, Adam A. and
         {Neill}, James D. and {Patterson}, Maria T. and {Riddle}, Reed and
         {Rusholme}, Ben and {Smith}, Roger and {Tachibana}, Yutaro and
         {Walters}, Richard},
        title = "{2900 Square Degree Search for the Optical Counterpart of Short Gamma-Ray Burst GRB 180523B with the Zwicky Transient Facility}",
      journal = {\pasp},
     keywords = {Astrophysics - High Energy Astrophysical Phenomena},
         year = 2019,
        month = apr,
       volume = {131},
       number = {998},
        pages = {048001},
          doi = {10.1088/1538-3873/aaff99},
archivePrefix = {arXiv},
       eprint = {1901.11385},
 primaryClass = {astro-ph.HE},
       adsurl = {https://ui.adsabs.harvard.edu/abs/2019PASP..131d8001C},
      adsnote = {Provided by the SAO/NASA Astrophysics Data System}
}



@ARTICLE{2014arXiv1411.0704F,
       author = {{Farrar}, Glennys R. and {Piran}, Tsvi},
        title = "{Tidal disruption jets as the source of Ultra-High Energy Cosmic Rays}",
      journal = {arXiv e-prints},
     keywords = {Astrophysics - High Energy Astrophysical Phenomena},
         year = 2014,
        month = nov,
          eid = {arXiv:1411.0704},
        pages = {arXiv:1411.0704},
archivePrefix = {arXiv},
       eprint = {1411.0704},
 primaryClass = {astro-ph.HE},
       adsurl = {https://ui.adsabs.harvard.edu/abs/2014arXiv1411.0704F},
      adsnote = {Provided by the SAO/NASA Astrophysics Data System}
}



@ARTICLE{2018PASP..130g5002S,
       author = {{Soumagnac}, Maayane T. and {Ofek}, Eran O.},
        title = "{catsHTM: A Tool for Fast Accessing and Cross-matching Large Astronomical Catalogs}",
      journal = {\pasp},
     keywords = {Astrophysics - Instrumentation and Methods for Astrophysics},
         year = 2018,
        month = jul,
       volume = {130},
       number = {989},
        pages = {075002},
          doi = {10.1088/1538-3873/aac410},
archivePrefix = {arXiv},
       eprint = {1805.02666},
 primaryClass = {astro-ph.IM},
       adsurl = {https://ui.adsabs.harvard.edu/abs/2018PASP..130g5002S},
      adsnote = {Provided by the SAO/NASA Astrophysics Data System}
}



@INBOOK{2004SPIE.5489..679S,
       author = {{Steele}, Iain A. and {Smith}, Robert J. and {Rees}, Paul C. and
         {Baker}, Ian P. and {Bates}, S.~D. and {Bode}, Michael F. and
         {Bowman}, Mark K. and {Carter}, Dave and {Etherton}, Jason and
         {Ford}, Martyn J. and {Fraser}, Stephen N. and {Gomboc}, A. and
         {Lett}, Robert D.~J. and {Mansfield}, Anthony G. and
         {Marchant}, Jonathon M. and {Medrano-Cerda}, Gustavo A. and
         {Mottram}, Christopher J. and {Raback}, D. and {Scott}, A.~B. and
         {Tomlinson}, M.~D. and {Zamanov}, R.},
        title = {The Liverpool Telescope: performance and first results},
    booktitle = {\procspie},
         year = 2004,
       editor = {{Oschmann}, Jacobus M., Jr.},
       volume = {5489},
       series = {Society of Photo-Optical Instrumentation Engineers (SPIE) Conference Series},
        pages = {679-692},
          doi = {10.1117/12.551456},
       adsurl = {https://ui.adsabs.harvard.edu/abs/2004SPIE.5489..679S},
      adsnote = {Provided by the SAO/NASA Astrophysics Data System}
}




@ARTICLE{2019ApJ...872..198V,
       author = {{van Velzen}, Sjoert and {Gezari}, Suvi and {Cenko}, S. Bradley and
         {Kara}, Erin and {Miller-Jones}, James C.~A. and {Hung}, Tiara and
         {Bright}, Joe and {Roth}, Nathaniel and {Blagorodnova}, Nadejda and
         {Huppenkothen}, Daniela and {Yan}, Lin and {Ofek}, Eran and
         {Sollerman}, Jesper and {Frederick}, Sara and {Ward}, Charlotte and
         {Graham}, Matthew J. and {Fender}, Rob and {Kasliwal}, Mansi M. and
         {Canella}, Chris and {Stein}, Robert and {Giomi}, Matteo and
         {Brinnel}, Valery and {van Santen}, Jakob and {Nordin}, Jakob and
         {Bellm}, Eric C. and {Dekany}, Richard and {Fremling}, Christoffer and
         {Golkhou}, V. Zach and {Kupfer}, Thomas and {Kulkarni}, Shrinivas R. and
         {Laher}, Russ R. and {Mahabal}, Ashish and {Masci}, Frank J. and
         {Miller}, Adam A. and {Neill}, James D. and {Riddle}, Reed and
         {Rigault}, Mickael and {Rusholme}, Ben and {Soumagnac}, Maayane T. and
         {Tachibana}, Yutaro},
        title = "{The First Tidal Disruption Flare in ZTF: From Photometric Selection to Multi-wavelength Characterization}",
      journal = {\apj},
     keywords = {accretion, accretion disks, galaxies: nuclei, Astrophysics - High Energy Astrophysical Phenomena, Astrophysics - Astrophysics of Galaxies},
         year = 2019,
        month = feb,
       volume = {872},
       number = {2},
          eid = {198},
        pages = {198},
          doi = {10.3847/1538-4357/aafe0c},
archivePrefix = {arXiv},
       eprint = {1809.02608},
 primaryClass = {astro-ph.HE},
       adsurl = {https://ui.adsabs.harvard.edu/abs/2019ApJ...872..198V},
      adsnote = {Provided by the SAO/NASA Astrophysics Data System}
}



@article{Miller_14li,
	Author = {{Miller}, J.~M. and {Kaastra}, J.~S. and {Miller}, M.~C. and {Reynolds}, M.~T. and {Brown}, G. and {Cenko}, S.~B. and {Drake}, J.~J. and {Gezari}, S. and {Guillochon}, J. and {Gultekin}, K. and {Irwin}, J. and {Levan}, A. and {Maitra}, D. and {Maksym}, W.~P. and {Mushotzky}, R. and {O'Brien}, P. and {Paerels}, F. and {de Plaa}, J. and {Ramirez-Ruiz}, E. and {Strohmayer}, T. and {Tanvir}, N.},
	Journal = {\nat},
	Month = oct,
	Pages = {542-545},
	Title = {{Flows of X-ray gas reveal the disruption of a star by a massive black hole}},
	Volume = 526,
	Year = 2015}


@ARTICLE{2016ApJ...827..127K,
       author = {{Krolik}, Julian and {Piran}, Tsvi and {Svirski}, Gilad and
         {Cheng}, Roseanne M.},
        title = "{ASASSN-14li: A Model Tidal Disruption Event}",
      journal = {\apj},
     keywords = {accretion, accretion disks, galaxies: nuclei, stars: black holes, Astrophysics - High Energy Astrophysical Phenomena},
         year = 2016,
        month = aug,
       volume = {827},
       number = {2},
          eid = {127},
        pages = {127},
          doi = {10.3847/0004-637X/827/2/127},
archivePrefix = {arXiv},
       eprint = {1602.02824},
 primaryClass = {astro-ph.HE},
       adsurl = {https://ui.adsabs.harvard.edu/abs/2016ApJ...827..127K},
      adsnote = {Provided by the SAO/NASA Astrophysics Data System}
}




@ARTICLE{2019MNRAS.487.4136W,
       author = {{Wevers}, Thomas and {Stone}, Nicholas C. and {van Velzen}, Sjoert and
         {Jonker}, Peter G. and {Hung}, Tiara and {Auchettl}, Katie and
         {Gezari}, Suvi and {Onori}, Francesca and {Mata S{\'a}nchez}, Daniel and
         {Kostrzewa-Rutkowska}, Zuzanna and {Casares}, Jorge},
        title = "{Black hole masses of tidal disruption event host galaxies II}",
      journal = {\mnras},
     keywords = {accretion, accretion discs, galaxies: bulges, galaxies: fundamental parameters, galaxies: kinematics and dynamics, galaxies: nuclei, Astrophysics - High Energy Astrophysical Phenomena, Astrophysics - Astrophysics of Galaxies},
         year = 2019,
        month = aug,
       volume = {487},
       number = {3},
        pages = {4136-4152},
          doi = {10.1093/mnras/stz1602},
archivePrefix = {arXiv},
       eprint = {1902.04077},
 primaryClass = {astro-ph.HE},
       adsurl = {https://ui.adsabs.harvard.edu/abs/2019MNRAS.487.4136W},
      adsnote = {Provided by the SAO/NASA Astrophysics Data System}
}





@ARTICLE{2020MNRAS.492.5655M,
       author = {{Mummery}, Andrew and {Balbus}, Steven A.},
        title = "{The spectral evolution of disc dominated tidal disruption events}",
      journal = {\mnras},
     keywords = {accretion, accretion discs, black hole physics, turbulence, Astrophysics - High Energy Astrophysical Phenomena},
         year = 2020,
        month = mar,
       volume = {492},
       number = {4},
        pages = {5655-5674},
          doi = {10.1093/mnras/staa192},
archivePrefix = {arXiv},
       eprint = {1912.06577},
 primaryClass = {astro-ph.HE},
       adsurl = {https://ui.adsabs.harvard.edu/abs/2020MNRAS.492.5655M},
      adsnote = {Provided by the SAO/NASA Astrophysics Data System}
}



@ARTICLE{2013ApJ...764..184M,
       author = {{McConnell}, Nicholas J. and {Ma}, Chung-Pei},
        title = "{Revisiting the Scaling Relations of Black Hole Masses and Host Galaxy Properties}",
      journal = {\apj},
     keywords = {galaxies: nuclei, galaxies: statistics, Astrophysics - Cosmology and Nongalactic Astrophysics},
         year = 2013,
        month = feb,
       volume = {764},
       number = {2},
          eid = {184},
        pages = {184},
          doi = {10.1088/0004-637X/764/2/184},
archivePrefix = {arXiv},
       eprint = {1211.2816},
 primaryClass = {astro-ph.CO},
       adsurl = {https://ui.adsabs.harvard.edu/abs/2013ApJ...764..184M},
      adsnote = {Provided by the SAO/NASA Astrophysics Data System}
}


@ARTICLE{2012A&A...538A..81M,
       author = {{Morlino}, G. and {Caprioli}, D.},
        title = "{Strong evidence for hadron acceleration in Tycho's supernova remnant}",
      journal = {\aap},
     keywords = {shock waves, ISM: supernova remnants, radiation mechanisms: non-thermal, cosmic rays, Astrophysics - High Energy Astrophysical Phenomena, Astrophysics - Astrophysics of Galaxies},
         year = 2012,
        month = feb,
       volume = {538},
          eid = {A81},
        pages = {A81},
          doi = {10.1051/0004-6361/201117855},
archivePrefix = {arXiv},
       eprint = {1105.6342},
 primaryClass = {astro-ph.HE},
       adsurl = {https://ui.adsabs.harvard.edu/abs/2012A&A...538A..81M},
      adsnote = {Provided by the SAO/NASA Astrophysics Data System}
}





@ARTICLE{2009ApJ...693..329F,
       author = {{Farrar}, Glennys R. and {Gruzinov}, Andrei},
        title = "{Giant AGN Flares and Cosmic Ray Bursts}",
      journal = {\apj},
     keywords = {acceleration of particles, accretion, accretion disks, galaxies: active, gamma rays: bursts, instabilities, X-rays: bursts, Astrophysics},
         year = 2009,
        month = mar,
       volume = {693},
       number = {1},
        pages = {329-332},
          doi = {10.1088/0004-637X/693/1/329},
archivePrefix = {arXiv},
       eprint = {0802.1074},
 primaryClass = {astro-ph},
       adsurl = {https://ui.adsabs.harvard.edu/abs/2009ApJ...693..329F},
      adsnote = {Provided by the SAO/NASA Astrophysics Data System}
}

@ARTICLE{2018ApJ...854...86E,
       author = {{Eftekhari}, T. and {Berger}, E. and {Zauderer}, B.~A. and
         {Margutti}, R. and {Alexander}, K.~D.},
        title = "{Radio Monitoring of the Tidal Disruption Event Swift J164449.3+573451. III. Late-time Jet Energetics and a Deviation from Equipartition}",
      journal = {\apj},
     keywords = {accretion, accretion disks, black hole physics, galaxies: jets, galaxies: nuclei, radiation mechanisms: non-thermal, Astrophysics - High Energy Astrophysical Phenomena},
         year = 2018,
        month = feb,
       volume = {854},
       number = {2},
          eid = {86},
        pages = {86},
          doi = {10.3847/1538-4357/aaa8e0},
archivePrefix = {arXiv},
       eprint = {1710.07289},
 primaryClass = {astro-ph.HE},
       adsurl = {https://ui.adsabs.harvard.edu/abs/2018ApJ...854...86E},
      adsnote = {Provided by the SAO/NASA Astrophysics Data System}
}

@ARTICLE{Foreman-Mackey13,
       author = {{Foreman-Mackey}, Daniel and {Hogg}, David W. and {Lang}, Dustin and
         {Goodman}, Jonathan},
        title = "{emcee: The MCMC Hammer}",
      journal = {\pasp},
     keywords = {Astrophysics - Instrumentation and Methods for Astrophysics, Physics - Computational Physics, Statistics - Computation},
         year = 2013,
        month = mar,
       volume = {125},
       number = {925},
        pages = {306},
          doi = {10.1086/670067},
archivePrefix = {arXiv},
       eprint = {1202.3665},
 primaryClass = {astro-ph.IM},
       adsurl = {https://ui.adsabs.harvard.edu/abs/2013PASP..125..306F},
      adsnote = {Provided by the SAO/NASA Astrophysics Data System}
}

@ARTICLE{Granot14,
       author = {{Granot}, Jonathan and {van der Horst}, Alexander J.},
        title = "{Gamma-Ray Burst Jets and their Radio Observations}",
      journal = {\pasa},
     keywords = {magnetic fields, shock waves, radio continuum: general, hydrodynamics; relativistic processes, gamma-rays: general},
         year = 2014,
        month = feb,
       volume = {31},
          eid = {e008},
        pages = {e008},
          doi = {10.1017/pasa.2013.44},
       adsurl = {https://ui.adsabs.harvard.edu/abs/2014PASA...31....8G},
      adsnote = {Provided by the SAO/NASA Astrophysics Data System}
}

@ARTICLE{Fong15,
       author = {{Fong}, W. and {Berger}, E. and {Margutti}, R. and {Zauderer}, B.~A.},
        title = "{A Decade of Short-duration Gamma-Ray Burst Broadband Afterglows: Energetics, Circumburst Densities, and Jet Opening Angles}",
      journal = {\apj},
     keywords = {catalogs, gamma-ray burst: general, Astrophysics - High Energy Astrophysical Phenomena},
         year = 2015,
        month = dec,
       volume = {815},
       number = {2},
          eid = {102},
        pages = {102},
          doi = {10.1088/0004-637X/815/2/102},
archivePrefix = {arXiv},
       eprint = {1509.02922},
 primaryClass = {astro-ph.HE},
       adsurl = {https://ui.adsabs.harvard.edu/abs/2015ApJ...815..102F},
      adsnote = {Provided by the SAO/NASA Astrophysics Data System}
}



@ARTICLE{2003PASA...20...69P,
       author = {{Polatidis}, A.~G. and {Conway}, J.~E.},
        title = "{Proper Motions in Compact Symmetric Objects}",
      journal = {\pasa},
     keywords = {galaxies: active, galaxies: compact, galaxies: evolution, Astrophysics},
         year = 2003,
        month = jan,
       volume = {20},
       number = {1},
        pages = {69-74},
          doi = {10.1071/AS02053},
archivePrefix = {arXiv},
       eprint = {astro-ph/0212122},
 primaryClass = {astro-ph},
       adsurl = {https://ui.adsabs.harvard.edu/abs/2003PASA...20...69P},
      adsnote = {Provided by the SAO/NASA Astrophysics Data System}
}

@ARTICLE{2016Sci...351...62V,
       author = {{van Velzen}, S. and {Anderson}, G.~E. and {Stone}, N.~C. and
         {Fraser}, M. and {Wevers}, T. and {Metzger}, B.~D. and {Jonker}, P.~G. and
         {van der Horst}, A.~J. and {Staley}, T.~D. and {Mendez}, A.~J. and
         {Miller-Jones}, J.~C.~A. and {Hodgkin}, S.~T. and {Campbell}, H.~C. and
         {Fender}, R.~P.},
        title = "{A radio jet from the optical and x-ray bright stellar tidal disruption flare ASASSN-14li}",
      journal = {Science},
     keywords = {ASTRONOMY, Astrophysics - High Energy Astrophysical Phenomena, Astrophysics - Astrophysics of Galaxies},
         year = 2016,
        month = jan,
       volume = {351},
       number = {6268},
        pages = {62-65},
          doi = {10.1126/science.aad1182},
archivePrefix = {arXiv},
       eprint = {1511.08803},
 primaryClass = {astro-ph.HE},
       adsurl = {https://ui.adsabs.harvard.edu/abs/2016Sci...351...62V},
      adsnote = {Provided by the SAO/NASA Astrophysics Data System}
}




@ARTICLE{2018ApJ...856....1P,
       author = {{Pasham}, Dheeraj R. and {van Velzen}, Sjoert},
        title = "{Discovery of a Time Lag between the Soft X-Ray and Radio Emission of the Tidal Disruption Flare ASASSN-14li: Evidence for Linear Disk-Jet Coupling}",
      journal = {\apj},
     keywords = {accretion, accretion disks, black hole physics, quasars: supermassive black holes, relativistic processes, X-rays: individual: ASASSN-14li, Astrophysics - High Energy Astrophysical Phenomena},
         year = 2018,
        month = mar,
       volume = {856},
       number = {1},
          eid = {1},
        pages = {1},
          doi = {10.3847/1538-4357/aab361},
archivePrefix = {arXiv},
       eprint = {1709.02882},
 primaryClass = {astro-ph.HE},
       adsurl = {https://ui.adsabs.harvard.edu/abs/2018ApJ...856....1P},
      adsnote = {Provided by the SAO/NASA Astrophysics Data System}
}


	
@ARTICLE{2010ApJ...721..630H,
       author = {{H{\"u}mmer}, S. and {R{\"u}ger}, M. and {Spanier}, F. and {Winter}, W.},
        title = "{Simplified Models for Photohadronic Interactions in Cosmic Accelerators}",
      journal = {\apj},
     keywords = {astroparticle physics, elementary particles, galaxies: active, gamma-ray burst: general, neutrinos, Astrophysics - High Energy Astrophysical Phenomena, High Energy Physics - Phenomenology},
         year = 2010,
        month = sep,
       volume = {721},
       number = {1},
        pages = {630-652},
          doi = {10.1088/0004-637X/721/1/630},
archivePrefix = {arXiv},
       eprint = {1002.1310},
 primaryClass = {astro-ph.HE},
       adsurl = {https://ui.adsabs.harvard.edu/abs/2010ApJ...721..630H},
      adsnote = {Provided by the SAO/NASA Astrophysics Data System}
}

@ARTICLE{Guillochon18,
       author = {{Guillochon}, James and {Nicholl}, Matt and {Villar}, V. Ashley and
         {Mockler}, Brenna and {Narayan}, Gautham and {Mandel}, Kaisey S. and
         {Berger}, Edo and {Williams}, Peter K.~G.},
        title = "{MOSFiT: Modular Open Source Fitter for Transients}",
      journal = {\apjs},
     keywords = {catalogs, methods: data analysis, methods: numerical, methods: statistical, supernovae: general, Astrophysics - Instrumentation and Methods for Astrophysics, Astrophysics - High Energy Astrophysical Phenomena},
         year = 2018,
        month = may,
       volume = {236},
       number = {1},
          eid = {6},
        pages = {6},
          doi = {10.3847/1538-4365/aab761},
archivePrefix = {arXiv},
       eprint = {1710.02145},
 primaryClass = {astro-ph.IM},
       adsurl = {https://ui.adsabs.harvard.edu/abs/2018ApJS..236....6G},
      adsnote = {Provided by the SAO/NASA Astrophysics Data System}
}


@ARTICLE{2016ApJ...829...19V,
       author = {{van Velzen}, S. and {Mendez}, A.~J. and {Krolik}, J.~H. and
         {Gorjian}, V.},
        title = "{Discovery of Transient Infrared Emission from Dust Heated by Stellar Tidal Disruption Flares}",
      journal = {\apj},
     keywords = {accretion, accretion disks, black hole physics, dust, extinction, galaxies: general, Astrophysics - High Energy Astrophysical Phenomena, Astrophysics - Astrophysics of Galaxies},
         year = 2016,
        month = sep,
       volume = {829},
       number = {1},
          eid = {19},
        pages = {19},
          doi = {10.3847/0004-637X/829/1/19},
archivePrefix = {arXiv},
       eprint = {1605.04304},
 primaryClass = {astro-ph.HE},
       adsurl = {https://ui.adsabs.harvard.edu/abs/2016ApJ...829...19V},
      adsnote = {Provided by the SAO/NASA Astrophysics Data System}
}




@ARTICLE{2016MNRAS.458..575L,
       author = {{Lu}, Wenbin and {Kumar}, Pawan and {Evans}, Neal J.},
        title = "{Infrared emission from tidal disruption events - probing the pc-scale dust content around galactic nuclei}",
      journal = {\mnras},
     keywords = {methods: analytical, galaxies: nuclei, infrared: ISM, Astrophysics - High Energy Astrophysical Phenomena, Astrophysics - Astrophysics of Galaxies},
         year = 2016,
        month = may,
       volume = {458},
       number = {1},
        pages = {575-581},
          doi = {10.1093/mnras/stw307},
archivePrefix = {arXiv},
       eprint = {1512.00020},
 primaryClass = {astro-ph.HE},
       adsurl = {https://ui.adsabs.harvard.edu/abs/2016MNRAS.458..575L},
      adsnote = {Provided by the SAO/NASA Astrophysics Data System}
}



@ARTICLE{HI4PI2016,
       author = {{HI4PI Collaboration} and {Ben Bekhti}, N. and {Fl{\"o}er}, L. and
         {Keller}, R. and {Kerp}, J. and {Lenz}, D. and {Winkel}, B. and
         {Bailin}, J. and {Calabretta}, M.~R. and {Dedes}, L. and {Ford}, H.~A. and
         {Gibson}, B.~K. and {Haud}, U. and {Janowiecki}, S. and
         {Kalberla}, P.~M.~W. and {Lockman}, F.~J. and
         {McClure-Griffiths}, N.~M. and {Murphy}, T. and {Nakanishi}, H. and
         {Pisano}, D.~J. and {Staveley-Smith}, L.},
        title = "{HI4PI: A full-sky H I survey based on EBHIS and GASS}",
      journal = {\aap},
     keywords = {surveys, ISM: atoms, techniques: spectroscopic, Astrophysics - Astrophysics of Galaxies},
         year = "2016",
        month = "Oct",
       volume = {594},
          eid = {A116},
        pages = {A116},
          doi = {10.1051/0004-6361/201629178},
archivePrefix = {arXiv},
       eprint = {1610.06175},
 primaryClass = {astro-ph.GA},
       adsurl = {https://ui.adsabs.harvard.edu/abs/2016A&A...594A.116H},
      adsnote = {Provided by the SAO/NASA Astrophysics Data System}
}


@article{Blagorodnova18,
	Author = {{Blagorodnova}, N. and {Neill}, J.~D. and {Walters}, R. and {Kulkarni}, S.~R. and {Fremling}, C. and {Ben-Ami}, S. and {Dekany}, R.~G. and {Fucik}, J.~R. and {Konidaris}, N. and {Nash}, R. and {Ngeow}, C.-C. and {Ofek}, E.~O. and {O'Sullivan}, D. and {Quimby}, R. and {Ritter}, A. and {Vyhmeister}, K.~E.},
	Journal = {\pasp},
	Month = mar,
	Number = 3,
	Pages = {035003},
	Title = {{The SED Machine: A Robotic Spectrograph for Fast Transient Classification}},
	Volume = 130,
	Year = 2018}


@article{Rigault19,
	Author = {{Rigault}, M. and {Neill}, J.~D. and {Blagorodnova}, N. and {Dugas}, A. and {Feeney}, M. and {Walters}, R. and {Brinnel}, V. and {Copin}, Y. and {Fremling}, C. and {Nordin}, J. and {Sollerman}, J.},
	Journal = {\aap},
	Month = {Jul},
	Pages = {A115},
	Title = {{Fully automated integral field spectrograph pipeline for the SEDMachine: pysedm}},
	Volume = {627},
	Year = {2019}}


@ARTICLE{fst+2016,
      author = {{Fremling}, C. and {Sollerman}, J. and {Taddia}, F. and {Ergon}, M. and
        {Fraser}, M. and {Karamehmetoglu}, E. and {Valenti}, S. and {Jerkstrand
       }, A. and {Arcavi}, I. and {Bufano}, F. and {Elias Rosa}, N. and
        {Filippenko}, A.~V. and {Fox}, D. and {Gal-Yam}, A. and
        {Howell}, D.~A. and {Kotak}, R. and {Mazzali}, P. and
        {Milisavljevic}, D. and {Nugent}, P.~E. and {Nyholm}, A. and
        {Pian}, E. and {Smartt}, S.},
       title = "{PTF12os and iPTF13bvn. Two stripped-envelope supernovae from low-mass progenitors in NGC 5806}",
     journal = {\aap},
    keywords = {supernovae: general, supernovae: individual: PTF12os, galaxies: individual: NGC 5806, techniques: image processing, supernovae: individual: iPTF13bvn, Astrophysics - High Energy Astrophysical Phenomena, Astrophysics - Solar and Stellar Astrophysics},
        year = "2016",
       month = "Sep",
      volume = {593},
         eid = {A68},
       pages = {A68},
         doi = {10.1051/0004-6361/201628275},
archivePrefix = {arXiv},
      eprint = {1606.03074},
primaryClass = {astro-ph.HE},
      adsurl = {https://ui.adsabs.harvard.edu/abs/2016A&A...593A..68F},
     adsnote = {Provided by the SAO/NASA Astrophysics Data System}
}