@article{adlam2022information,
  title={Information is physical: Cross-perspective links in relational quantum mechanics},
  author={Adlam, Emily and Rovelli, Carlo},
  journal={arXiv preprint arXiv:2203.13342},
  year={2022},
  url={https://arxiv.org/abs/2203.13342}
}

@article{Almada2015Retrocausal,
  title={Are retrocausal accounts of entanglement unnaturally fine-tuned?},
  author={Almada, D and Ch'ng, K and Kintner, S and Morrison, B and Wharton, KB},
  journal={arXiv preprint arXiv:1510.03706},
  year={2015},
  url={https://arxiv.org/abs/1510.03706}
}

@article{Arntzenius1994-ARNSC,
	title = {Spacelike Connections},
	pages = {201--217},
	journal = {British Journal for the Philosophy of Science},
	author = {Frank Arntzenius},
	publisher = {Taylor \& Francis},
	year = {1994},
	doi = {10.1093/bjps/45.1.201},
	volume = {45},
	number = {1}
}

@article{Aspect1982BellTest,
  title = {Experimental Realization of Einstein-Podolsky-Rosen-Bohm Gedankenexperiment: A New Violation of Bell's Inequalities},
  author = {Aspect, Alain and Grangier, Philippe and Roger, G\'erard},
  journal = {Phys. Rev. Lett.},
  volume = {49},
  issue = {2},
  pages = {91--94},
  numpages = {0},
  year = {1982},
  month = {Jul},
  publisher = {American Physical Society},
  doi = {10.1103/PhysRevLett.49.91}
}

@article{ballentine1970statistical,
  title={The statistical interpretation of quantum mechanics},
  author={Ballentine, Leslie E},
  journal={Reviews of modern physics},
  volume={42},
  number={4},
  pages={358},
  year={1970},
  publisher={APS},
  doi={10.1103/RevModPhys.42.358}
}

@article{bambusi1999long,
  title={Long time semiclassical approximation of quantum flows: a proof of the Ehrenfest time},
  author={Bambusi, Dario and Graffi, Sandro and Paul, Thierry},
  journal={Asymptotic analysis},
  volume={21},
  number={2},
  pages={149--160},
  year={1999},
  publisher={IOS Press},
  url={https://content.iospress.com/articles/asymptotic-analysis/asy365}
}

@article{bassi2003dynamical,
  title={Dynamical reduction models},
  author={Bassi, Angelo and Ghirardi, GianCarlo},
  journal={Physics Reports},
  volume={379},
  number={5-6},
  pages={257--426},
  year={2003},
  publisher={Elsevier},
  doi={10.1016/S0370-1573(03)00103-0}
}

@article{berry2001chaos,
  title={Chaos and the semiclassical limit of quantum mechanics (is the moon there when somebody looks?)},
  author={Berry, Michael V},
  journal={Quantum Mechanics: Scientific perspectives on divine action},
  volume={41},
  pages={56},
  year={2001},
  publisher={Citeseer}
}

@article{Bell1964OnEPR,
  title={On the einstein podolsky rosen paradox},
  author={Bell, John S},
  journal={Physics Physique Fizika},
  volume={1},
  number={3},
  pages={195},
  year={1964},
  publisher={APS},
  doi={10.1103/PhysicsPhysiqueFizika.1.195}
}

@book{Bell2004Speakable,
  title={Speakable and unspeakable in quantum mechanics: Collected papers on quantum philosophy},
  author={Bell, John S},
  year={2004},
  publisher={Cambridge University Press},
  edition={2}
}

@inbook{bell2004lanouvellecuisine,
place={Cambridge},
edition={2},
title={La nouvelle cuisine},
DOI={10.1017/CBO9780511815676.026},
booktitle={Speakable and Unspeakable in Quantum Mechanics: Collected Papers on Quantum Philosophy},
publisher={Cambridge University Press},
author={Bell, J. S. and Aspect, Alain},
year={2004},
pages={232–248}
}

@article{ben2007impossibility,
  title={The impossibility of backwards causation},
  author={Ben-Yami, Hanoch},
  journal={The Philosophical Quarterly},
  volume={57},
  number={228},
  pages={439--455},
  year={2007},
  publisher={Blackwell Publishers Ltd Oxford, UK and Boston, USA}
}

@incollection{berkovitz2011explanation,
  title={On explanation in retro-causal interpretations of quantum mechanics},
  author={Berkovitz, Joseph},
  booktitle={Probabilities, Causes and Propensities in Physics},
  pages={115--155},
  year={2011},
  publisher={Springer},
  doi={10.1007/978-1-4020-9904-5_6}
}

@article{berman1978condition,
  title={Condition of stochasticity in quantum nonlinear systems},
  author={Berman, Gennady P and Zaslavsky, George M},
  journal={Physica A: Statistical Mechanics and its Applications},
  volume={91},
  number={3-4},
  pages={450--460},
  year={1978},
  publisher={Elsevier},
  doi={10.1016/0378-4371(78)90190-5}
}

@article{Bohm1952Bohm1,
  title = {A Suggested Interpretation of the Quantum Theory in Terms of "Hidden" Variables. I},
  author = {Bohm, David},
  journal = {Phys. Rev.},
  volume = {85},
  issue = {2},
  pages = {166--179},
  numpages = {0},
  year = {1952},
  month = {Jan},
  publisher = {American Physical Society},
  doi = {10.1103/PhysRev.85.166}
}

@article{Bohm1952Bohm2,
  title = {A Suggested Interpretation of the Quantum Theory in Terms of "Hidden" Variables. II},
  author = {Bohm, David},
  journal = {Phys. Rev.},
  volume = {85},
  issue = {2},
  pages = {180--193},
  numpages = {0},
  year = {1952},
  month = {Jan},
  publisher = {American Physical Society},
  doi = {10.1103/PhysRev.85.180}
}

@article{Bose2017EntWitnessQG,
  title = {Spin Entanglement Witness for Quantum Gravity},
  author = {Bose, Sougato and Mazumdar, Anupam and Morley, Gavin W. and Ulbricht, Hendrik and Toro\v{s}, Marko and Paternostro, Mauro and Geraci, Andrew A. and Barker, Peter F. and Kim, M. S. and Milburn, Gerard},
  journal = {Phys. Rev. Lett.},
  volume = {119},
  issue = {24},
  pages = {240401},
  numpages = {6},
  year = {2017},
  month = {Dec},
  publisher = {American Physical Society},
  doi = {10.1103/PhysRevLett.119.240401}
}

@article{Bruschin2019SPAD,
author = {Bruschin, Claudio and Harald Homulle, Harald and Antolovic, Ivan Michel and Burri, Samuel and Charbon, Edoardo },
title = {Single-photon avalanche diode imagers in biophotonics: review and outlook},
journal = {Light: Science \& Applications},
  volume = {8},
  issue = {1},  
  year = {2019},
  publisher = {Nature},
  doi = {10.1038/s41377-019-0191-5}
}

@article{cavalcanti2012bell,
  title={Bell nonlocality, signal locality and unpredictability (or what Bohr could have told Einstein at Solvay had he known about Bell experiments)},
  author={Cavalcanti, Eric G and Wiseman, Howard M},
  journal={Foundations of Physics},
  volume={42},
  number={10},
  pages={1329--1338},
  year={2012},
  publisher={Springer},
  doi={10.1007/s10701-012-9669-1}
}

@article{Caves2002QBism,
  title = {Quantum probabilities as Bayesian probabilities},
  author = {Caves, Carlton M. and Fuchs, Christopher A. and Schack, R\"udiger},
  journal = {Phys. Rev. A},
  volume = {65},
  issue = {2},
  pages = {022305},
  numpages = {6},
  year = {2002},
  month = {Jan},
  publisher = {American Physical Society},
  doi = {10.1103/PhysRevA.65.022305}
}

@article{Charbon2014SPAD,
  title={Single-photon imaging in complementary metal oxide semiconductor processes},
  author={Charbon, E},
  journal={Philosophical Transactions of the Royal Society A: Mathematical, Physical and Engineering Sciences},
  volume={372},
  number={2012},
  pages={20130100},
  year={2014},
  publisher={The Royal Society Publishing},
  doi={10.1098/rsta.2013.0100}
}

@article{Cohen2020RetrocausalI,
  title = {Realism and causality. I. Pilot wave and retrocausal models as possible facilitators},
  author = {Cohen, Eliahu and Cort\^es, Marina and Elitzur, Avshalom and Smolin, Lee},
  journal = {Phys. Rev. D},
  volume = {102},
  issue = {12},
  pages = {124027},
  numpages = {16},
  year = {2020},
  month = {Dec},
  publisher = {American Physical Society},
  doi = {10.1103/PhysRevD.102.124027}
}

@article{Cohen2020RetrocausalII,
  title = {Realism and causality. II. Retrocausality in energetic causal sets},
  author = {Cohen, Eliahu and Cort\^es, Marina and Elitzur, Avshalom C. and Smolin, Lee},
  journal = {Phys. Rev. D},
  volume = {102},
  issue = {12},
  pages = {124028},
  numpages = {19},
  year = {2020},
  month = {Dec},
  publisher = {American Physical Society},
  doi = {10.1103/PhysRevD.102.124028}
}

@article{combescure1997semiclassical,
  title={Semiclassical spreading of quantum wave packets and applications near unstable fixed points of the classical flow},
  author={Combescure, Monique and Robert, Didier},
  journal={Asymptotic Analysis},
  volume={14},
  number={4},
  pages={377--404},
  year={1997},
  publisher={IOS Press},
  doi={10.3233/ASY-1997-14405}
}

@article{Corry2015Retrocausal,
  title={Retrocausal models for EPR},
  author={Corry, Richard},
  journal={Studies in History and Philosophy of Science Part B: Studies in History and Philosophy of Modern Physics},
  volume={49},
  pages={1--9},
  year={2015},
  publisher={Elsevier},
  doi={10.1016/j.shpsb.2014.11.001}
}

@article{Costa1977TimeI,
  title={Time symmetry and the Einstein paradox},
  author={de Beauregard, O Costa},
  journal={Il Nuovo Cimento B (1971-1996)},
  volume={42},
  number={1},
  pages={41--64},
  year={1977},
  publisher={Springer},
  doi={10.1007/BF02906749}
}

@article{Costa1979TimeII,
  title={Time symmetry and the Einstein paradox.-II},
  author={de Beauregard, O Costa},
  journal={Il Nuovo Cimento B (1971-1996)},
  volume={51},
  number={2},
  pages={267--279},
  year={1979},
  publisher={Springer},
  doi={10.1007/bf02743436}
}

@article{Costa1985Concerning,
  title={On some frequent but controversial statements concerning the Einstein-Podolsky-Rosen correlations},
  author={de Beauregard, O Costa},
  journal={Foundations of Physics},
  volume={15},
  number={8},
  pages={871--887},
  year={1985},
  publisher={Springer},
  doi={10.1007/BF00738320}
}

@article{Costa1987Zigzagging,
  title={On the zigzagging causality EPR model: Answer to Vigier and coworkers and to Sutherland},
  author={de Beauregard, O Costa},
  journal={Foundations of physics},
  volume={17},
  number={8},
  pages={775--785},
  year={1987},
  publisher={Springer},
  doi={10.1007/BF00733266}
}

@article{cramer1986transactional,
  title={The transactional interpretation of quantum mechanics},
  author={Cramer, John G},
  journal={Reviews of Modern Physics},
  volume={58},
  number={3},
  pages={647},
  year={1986},
  publisher={APS},
  doi={10.1103/RevModPhys.58.647}
}

@article{das2019arrival,
  title={Arrival time distributions of spin-1/2 particles},
  author={Das, Siddhant and D{\"u}rr, Detlef},
  journal={Scientific reports},
  volume={9},
  number={1},
  pages={1--8},
  year={2019},
  publisher={Nature Publishing Group},
  doi={10.1038/s41598-018-38261-4}
}

@book{dewitt2015many,
  title={The many-worlds interpretation of quantum mechanics},
  author={DeWitt, Bryce Seligman and Graham, Neill},
  volume={61},
  year={2015},
  publisher={Princeton University Press},
  isbn={140086805X}
}

@book{dieks1998modal,
  title={The modal interpretation of quantum mechanics},
  author={Dieks, Dennis and Vermaas, Pieter E},
  volume={60},
  year={1998},
  publisher={Springer Science \& Business Media},
  isbn={0792352076}
}

@article{donadi2021future,
  title={A Future-Input Dependent Path Integral for Quantum Mechanics},
  author={Donadi, Sandro and Hossenfelder, Sabine},
  journal={arXiv preprint arXiv:2110.07168},
  year={2021}
}

@article{donadi2020toy,
  title={A Toy Model for Local and Deterministic Wave-function Collapse},
  author={Donadi, Sandro and Hossenfelder, Sabine},
  journal={arXiv preprint arXiv:2010.01327},
  year={2020}
}

@article{Dowe1992Asymmetry,
  title={Process causality and asymmetry},
  author={Dowe, Phil},
  journal={Erkenntnis},
  volume={37},
  number={2},
  pages={179--196},
  year={1992},
  publisher={Springer},
  doi={10.1007/BF00209321}
}

@article{Dowe1996Backwards,
  title={Backwards causation and the direction of causal processes},
  author={Dowe, Phil},
  journal={Mind},
  volume={105},
  number={418},
  pages={227--248},
  year={1996},
  publisher={Oxford University Press},
  doi={10.1093/mind/105.418.227}
}

@article{Dowe1997Defense,
  title={A defense of backwards in time causation models in quantum mechanics},
  author={Dowe, Phil},
  journal={Synthese},
  volume={112},
  number={2},
  pages={233--246},
  year={1997},
  publisher={Springer},
  doi={10.1023/A:1004932911141}
}

@article{durr2004bohmian,
  title={Bohmian mechanics and quantum field theory},
  author={D{\"u}rr, Detlef and Goldstein, Sheldon and Tumulka, Roderich and Zanghi, Nino},
  journal={Physical Review Letters},
  volume={93},
  number={9},
  pages={090402},
  year={2004},
  publisher={APS},
  doi={10.1103/PhysRevLett.93.090402}
}

@article{durr2014can,
  title={Can Bohmian mechanics be made relativistic?},
  author={D{\"u}rr, Detlef and Goldstein, Sheldon and Norsen, Travis and Struyve, Ward and Zangh{\`\i}, Nino},
  journal={Proceedings of the Royal Society A: Mathematical, Physical and Engineering Sciences},
  volume={470},
  number={2162},
  pages={20130699},
  year={2014},
  publisher={The Royal Society Publishing},
  doi={10.1098/rspa.2013.0699}
}

@article{Eimerl1987BBO,
author = {Eimerl,D.  and Davis,L.  and Velsko,S.  and Graham,E. K.  and Zalkin,A. },
title = {Optical, mechanical, and thermal properties of barium borate},
journal = {Journal of Applied Physics},
volume = {62},
number = {5},
pages = {1968-1983},
year = {1987},
doi = {10.1063/1.339536}
}

@article{Einstein1935EPR,
  title = {Can Quantum-Mechanical Description of Physical Reality Be Considered Complete?},
  author = {Einstein, A. and Podolsky, B. and Rosen, N.},
  journal = {Phys. Rev.},
  volume = {47},
  issue = {10},
  pages = {777--780},
  numpages = {0},
  year = {1935},
  month = {May},
  publisher = {American Physical Society},
  doi = {10.1103/PhysRev.47.777}
}


@Article{Elitzur1993Bomb,
author="Elitzur, Avshalom C.
and Vaidman, Lev",
title="Quantum mechanical interaction-free measurements",
journal="Foundations of Physics",
year="1993",
month="Jul",
day="01",
volume="23",
number="7",
pages="987--997",
issn="1572-9516",
doi="10.1007/BF00736012"
}

@article{ellerman2015delayed,
  title={Why delayed choice experiments do not imply retrocausality},
  author={Ellerman, David},
  journal={Quantum Studies: Mathematics and Foundations},
  volume={2},
  number={2},
  pages={183--199},
  year={2015},
  publisher={Springer},
  doi={10.1007/s40509-014-0026-2}
}

@article{Evans2015Retrocausality,
  title={Retrocausality at no extra cost},
  author={Evans, Peter W},
  journal={Synthese},
  volume={192},
  number={4},
  pages={1139--1155},
  year={2015},
  publisher={Springer},
  doi={10.1007/s11229-014-0605-0}
}

@article{Evans2018QCausalModels,
  title={Quantum causal models, faithfulness, and retrocausality},
  author={Evans, Peter W},
  journal={The British Journal for the Philosophy of Science},
  volume={69},
  number={3},
  pages={745--774},
  year={2018},
  publisher={Oxford University Press},
  doi={10.1093/bjps/axw037}
}

@article{everett1957relative,
  title={" Relative state" formulation of quantum mechanics},
  author={Everett III, Hugh},
  journal={Reviews of modern physics},
  volume={29},
  number={3},
  pages={454},
  year={1957},
  publisher={APS},
  doi={10.1103/RevModPhys.29.454}
}

@InCollection{Faye2019SEPCopenhagen,
	author       =	{Faye, Jan},
	title        =	{{Copenhagen Interpretation of Quantum Mechanics}},
	booktitle    =	{The {Stanford} Encyclopedia of Philosophy},
	editor       =	{Edward N. Zalta},
	howpublished =	{\url{https://plato.stanford.edu/archives/win2019/entries/qm-copenhagen/}},
	year         =	{2019},
	edition      =	{{W}inter 2019},
	publisher    =	{Metaphysics Research Lab, Stanford University}
}

@article{ford1982gravitational,
  title={Gravitational radiation by quantum systems},
  author={Ford, LH},
  journal={Annals of Physics},
  volume={144},
  number={2},
  pages={238--248},
  year={1982},
  publisher={Elsevier},
  doi={10.1016/0003-4916(82)90115-4}
}

@article{frauchiger2018quantum,
  title={Quantum theory cannot consistently describe the use of itself},
  author={Frauchiger, Daniela and Renner, Renato},
  journal={Nature communications},
  volume={9},
  number={1},
  pages={1--10},
  year={2018},
  publisher={Nature Publishing Group},
  doi={10.1038/s41467-018-05739-8}
}

@article{fuchs2010qbism,
  title={QBism, the perimeter of quantum Bayesianism},
  author={Fuchs, Christopher A},
  journal={arXiv preprint arXiv:1003.5209},
  year={2010},
  url={https://arxiv.org/abs/1003.5209}
}

@article{Fuchs2014QBism,
author = {Fuchs, Christopher A. and Mermin, N. David and Schack, Rüdiger},
title = {An introduction to QBism with an application to the locality of quantum mechanics},
journal = {American Journal of Physics},
volume = {82},
number = {8},
pages = {749-754},
year = {2014},
doi = {10.1119/1.4874855},
}

@phdthesis{Gao_thesis_2008,
  author        = "Gao, Jiansong",
  title         = "The Physics of Superconducting Microwave Resonators",
  school        = "California Institute of Technology",
  address       = "Califoria, U.S.A.",
  month         = May,
  year          = "2008",
  doi = "10.7907/RAT0-VM75"
}

@article{ghirardi1980general,
  title={A general argument against superluminal transmission through the quantum mechanical measurement process},
  author={Ghirardi, Gian-Carlo and Rimini, Alberto and Weber, Tullio},
  journal={Lettere al Nuovo Cimento},
  volume={27},
  number={10},
  pages={293--298},
  year={1980},
  publisher={Societ{\`a} Italiana di Fisica},
  doi={10.1007/BF02817189}
}

@article{Ghirardi1986GRW,
  title = {Unified dynamics for microscopic and macroscopic systems},
  author = {Ghirardi, G. C. and Rimini, A. and Weber, T.},
  journal = {Phys. Rev. D},
  volume = {34},
  issue = {2},
  pages = {470--491},
  numpages = {0},
  year = {1986},
  month = {Jul},
  publisher = {American Physical Society},
  doi = {10.1103/PhysRevD.34.470}
}

@article{ghirardi1990csl,
  title={Markov processes in Hilbert space and continuous spontaneous localization of systems of identical particles},
  author={Ghirardi, Gian Carlo and Pearle, Philip and Rimini, Alberto},
  journal={Physical Review A},
  volume={42},
  number={1},
  pages={78},
  year={1990},
  publisher={APS},
  doi={10.1103/PhysRevA.42.78}
}

@article{grimmer2022pragmatic,
  title={The Pragmatic {QFT} Measurement Problem and the need for a Heisenberg-like Cut in {QFT}},
  author={Grimmer, Daniel},
  journal={arXiv preprint arXiv:2205.09608},
  year={2022},
  url={https://arxiv.org/abs/2205.09608}
}

@article{Hance2021ExpIST,
  title={Experimental Tests of Invariant Set Theory},
  author={Hance, Jonte R and Palmer, Tim N and Rarity, John},
  journal={arXiv preprint arXiv:2102.07795},
  year={2021},
  url={https://arxiv.org/abs/2102.07795}
}

@article{Hance2021Ensemble,
  title={The wave function as a true ensemble},
  author={Hance, Jonte R. and Hossenfelder, Sabine},
  journal={Proceedings of the Royal Society A},
  volume={478},
  pages={20210705},
  year={2022},
  publisher={Royal Society},
  doi={10.1098/rspa.2021.0705}
}

@article{Hance2021Quantum,
  title={How Quantum is Quantum Counterfactual Communication?},
  author={Hance, Jonte R and Ladyman, James and Rarity, John},
  journal={Foundations of Physics},
  year={2021},
  doi={10.1007/s10701-021-00412-5},
  volume={51},
  number={1},
  pages={12},
  month={Feb}
}

@article{Hance2021CFGI,
  title={Counterfactual ghost imaging},
  author={Hance, Jonte R and Rarity, John},
  journal={npj Quantum Information},
  volume={7},
  number={1},
  pages={1--7},
  year={2021},
  publisher={Nature Publishing Group},
  doi={10.1038/s41534-021-00411-4}
}

@article{Hance2021StatInd,
title={Supermeasured: Violating Statistical Independence without violating statistical independence},
author={Hance, J.R. and Hossenfelder, S. and Palmer, T.N.},
journal={arXiv preprint arXiv:2108.07292},
year={2021},
url={https://arxiv.org/abs/2108.07292}
}

@article{Hance2021Wavefunctions,
 author={Hance, Jonte R.
and Rarity, John
and Ladyman, James},
title={Could wavefunctions simultaneously represent knowledge and reality?},
journal={Quantum Studies: Mathematics and Foundations},
year={2022},
month={Apr},
day={27},
issn={2196-5617},
doi={10.1007/s40509-022-00271-3}
}

@article{hardy2001quantum,
  title={Quantum theory from five reasonable axioms},
  author={Hardy, Lucien},
  journal={arXiv preprint quant-ph/0101012},
  year={2001},
  url={https://arxiv.org/abs/quant-ph/0101012}
}

@article{Harrigan2010OMF,
  title={Einstein, incompleteness, and the epistemic view of quantum states},
  author={Harrigan, Nicholas and Spekkens, Robert W},
  journal={Foundations of Physics},
  volume={40},
  number={2},
  pages={125--157},
  year={2010},
  publisher={Springer},
  doi={10.1007/s10701-009-9347-0}
}

@incollection{Heisenberg1952Cut,
  author={Heisenberg, Werner},
  year={1952},
  title={Questions of principle in modern physics},
  booktitle={Philosophic Problems in Nuclear Science},
  publisher={Fawcett Publishing},
  address={Greenwich, Conneticut},
  pages={41–52},
  editor={F. C. Hayes}
}

@article{Hossenfelder2020Rethinking,
  title={Rethinking superdeterminism},
  author={Hossenfelder, Sabine and Palmer, Tim},
  journal={Frontiers in Physics},
  volume={8},
  pages={139},
  year={2020},
  publisher={Frontiers},
  doi={10.3389/fphy.2020.00139}
}

@article{Hossenfelder2020Perplexed,
  title={Superdeterminism: A Guide for the Perplexed},
  author={Hossenfelder, Sabine},
  journal={arXiv preprint arXiv:2010.01324},
  year={2020},
  url={https://arxiv.org/abs/2010.01324}
}

@article{Hosten2006CFComp,
  title={Counterfactual quantum computation through quantum interrogation},
  author={Hosten, Onur and Rakher, Matthew T and Barreiro, Julio T and Peters, Nicholas A and Kwiat, Paul G},
  journal={Nature},
  volume={439},
  number={7079},
  pages={949--952},
  year={2006},
  publisher={Nature Publishing Group},
  doi={10.1038/nature04523}
}

@article{Karan2018SPDC,
author = {Karan, Suman and Aarav, Shaurya and Bharadhwaj, Homanga and Taneja, Lavanya and De, Arinjoy and Kulkarni, Girish and Meher, Nilakantha and Jha, Anand},
year = {2018},
title = {Phase matching in $\Beta$-barium borate crystals for spontaneous parametric down-conversion},
URL = {https://arxiv.org/abs/1810.01184},
journal={arXiv preprint arXiv:1810.01184}
}

@book{kastner2013transactional,
  title={The transactional interpretation of quantum mechanics: the reality of possibility},
  author={Kastner, Ruth E},
  year={2013},
  publisher={Cambridge University Press},
  isbn={0521764157}
}

@article{Kastner2014Einselection,
title = {‘Einselection’ of pointer observables: The new H-theorem?},
journal = {Studies in History and Philosophy of Science Part B: Studies in History and Philosophy of Modern Physics},
volume = {48},
pages = {56-58},
year = {2014},
issn = {1355-2198},
doi = {10.1016/j.shpsb.2014.06.004},
author = {Ruth E. Kastner}
}

@Article{Kastner2019,
author={Kastner, R. E.},
title={The `Delayed Choice Quantum Eraser' Neither Erases Nor Delays},
journal={Foundations of Physics},
year={2019},
month={Jul},
day={01},
volume={49},
number={7},
pages={717-727},
issn={1572-9516},
doi={10.1007/s10701-019-00278-8}
}

@article{Kim2000Delayed,
  title={Delayed “choice” quantum eraser},
  author={Kim, Yoon-Ho and Yu, Rong and Kulik, Sergei P and Shih, Yanhua and Scully, Marlan O},
  journal={Physical Review Letters},
  volume={84},
  number={1},
  pages={1},
  year={2000},
  publisher={APS},
  doi={10.1103/PhysRevLett.84.1}
}

@article{klein2011limit,
    title={What is the limit $\hbar \to 0$ of quantum theory?},
    author={Klein, U},
    journal = {American Journal of Physics},
    volume = {80},
    number = {11},
    pages = {1009-1016},
    year = {2012},
    doi = {10.1119/1.4751274}
}

@article{Kuo1993SemiclassGrav,
    author = "Kuo, Chung-I and Ford, L. H.",
    title = "{Semiclassical gravity theory and quantum fluctuations}",
    doi = "10.1103/PhysRevD.47.4510",
    journal = "Phys. Rev. D",
    volume = "47",
    pages = "4510--4519",
    year = "1993"
}
@article{Kwiat1995SPDC,
  title = {New High-Intensity Source of Polarization-Entangled Photon Pairs},
  author = {Kwiat, Paul G. and Mattle, Klaus and Weinfurter, Harald and Zeilinger, Anton and Sergienko, Alexander V. and Shih, Yanhua},
  journal = {Phys. Rev. Lett.},
  volume = {75},
  issue = {24},
  pages = {4337--4341},
  numpages = {0},
  year = {1995},
  month = {Dec},
  publisher = {American Physical Society},
  doi = {10.1103/PhysRevLett.75.4337}
}

@article{landsman2006between,
  title={Between classical and quantum},
  author={Landsman, Nicolaas P},
  journal={Handbook of the Philosophy of Science},
  volume={2},
  pages={417--553},
  year={2006},
  publisher={Elsevier Amsterdam}
}

@article {Ma1221,
	author = {Ma, Xiao-Song and Kofler, Johannes and Qarry, Angie and Tetik, Nuray and Scheidl, Thomas and Ursin, Rupert and Ramelow, Sven and Herbst, Thomas and Ratschbacher, Lothar and Fedrizzi, Alessandro and Jennewein, Thomas and Zeilinger, Anton},
	title = {Quantum erasure with causally disconnected choice},
	volume = {110},
	number = {4},
	pages = {1221--1226},
	year = {2013},
	doi = {10.1073/pnas.1213201110},
	publisher = {National Academy of Sciences},
	issn = {0027-8424},
	journal = {Proceedings of the National Academy of Sciences}
}

@article{Marletto2017GravIndEnt,
  title={Gravitationally induced entanglement between two massive particles is sufficient evidence of quantum effects in gravity},
  author={Marletto, Chiara and Vedral, Vlatko},
  journal={Physical review letters},
  volume={119},
  number={24},
  pages={240402},
  year={2017},
  publisher={APS},
  doi={10.1103/PhysRevLett.119.240402}
}

@article{marolf2002relativistic,
  title={Relativistic quantum measurement},
  author={Marolf, Donald and Rovelli, Carlo},
  journal={Physical Review D},
  volume={66},
  number={2},
  pages={023510},
  year={2002},
  publisher={APS},
  doi={10.1103/PhysRevD.66.023510}
}

@article{Maudlin1995ThreeMP,
  title={Three measurement problems},
  author={Tim Maudlin},
  journal={Topoi},
  year={1995},
  volume={14},
  pages={7-15},
  doi={10.1007/BF00763473}
}

@book{maudlin2011quantum,
  title={Quantum non-locality and relativity: Metaphysical intimations of modern physics},
  author={Maudlin, Tim},
  year={2011},
  publisher={John Wiley \& Sons},
  isbn={978-1-444-39696-6}
}

@article{Mazin12,
author = {Benjamin A. Mazin and Bruce Bumble and Seth R. Meeker and Kieran O'Brien and Sean McHugh and Eric Langman},
journal = {Opt. Express},
number = {2},
pages = {1503--1511},
publisher = {OSA},
title = {A superconducting focal plane array for ultraviolet, optical, and near-infrared astrophysics},
volume = {20},
month = {Jan},
year = {2012},
doi = {10.1364/OE.20.001503},
}

@article{mcHugh1,
  author={McHugh, Sean and Mazin, Benjamin A and Serfass, Bruno and Meeker, Seth and O’Brien, Kieran and Duan, Ran and Raffanti, Rick and Werthimer, Dan},
  title         = "A readout for large arrays of microwave kinetic inductance detectors",
  journal       = "Review of Scientific Instruments",
  volume        = "83",
  issue         = "4",
  pages         ={044702},
  year          = "2012",
  doi           = "10.1063/1.3700812",
  publisher={American Institute of Physics}
}

@article{Meeker2018Darkness,
   author = "Meeker,Seth and others",
    title = "{DARKNESS: A Microwave Kinetic Inductance Detector Integral Field Spectrograph for High-contrast Astronomy}",
  journal = {Publications of the Astronomical Society of the Pacific},
     year = 2018,
    month = jun,
   volume = 130,
   number = 6,
      doi = {10.1088/1538-3873/aab5e7},
}

@book{Misner1973gravitation,
  title={Gravitation},
  author={Misner, Charles W and Thorne, Kip S and Wheeler, John Archibald},
  year={1973},
  isbn={0716703440},
  publisher={W.H. Freeman},
  address={San Francisco}
}

@article{myrvold2002peaceful,
  title={On peaceful coexistence: is the collapse postulate incompatible with relativity?},
  author={Myrvold, Wayne C},
  journal={Studies in History and Philosophy of Science Part B: Studies in History and Philosophy of Modern Physics},
  volume={33},
  number={3},
  pages={435--466},
  year={2002},
  publisher={Elsevier},
  doi={10.1016/S1369-8486(02)00004-3}
}

@article{nikolic2006many,
  title={Many-fingered time Bohmian mechanics},
  author={Nikolic, Hrvoje},
  journal={arXiv preprint quant-ph/0603207},
  year={2006},
  url={https://arxiv.org/abs/quant-ph/0603207}
}

@article{Norsen2011Bell,
  title={John S. Bell’s concept of local causality},
  author={Norsen, Travis},
  journal={American Journal of Physics},
  volume={79},
  number={12},
  pages={1261--1275},
  year={2011},
  publisher={American Association of Physics Teachers},
  doi={10.1119/1.3630940}
}

@article{Oldofredi2020Classification,
author={Oldofredi, Andrea and L{\'o}pez, Cristian},
title={On the Classification Between $\psi$-Ontic and $\psi$-Epistemic Ontological Models},
journal={Foundations of Physics},
year={2020},
month={Nov},
day={01},
volume={50},
number={11},
pages={1315-1345},
issn={1572-9516},
doi={10.1007/s10701-020-00377-x}
}

@article{Palmer2020Discretization,
  title={Discretization of the Bloch sphere, fractal invariant sets and Bell’s theorem},
  author={Palmer, TN},
  journal={Proceedings of the Royal Society A},
  volume={476},
  number={2236},
  pages={20190350},
  year={2020},
  publisher={The Royal Society Publishing},
  doi={10.1098/rspa.2019.0350}
}

@article{Patra2013NoGo,
  title = {No-Go Theorems for $\psi$-Epistemic Models Based on a Continuity Assumption},
  author = {Patra, M. K. and Pironio, S. and Massar, S.},
  journal = {Phys. Rev. Lett.},
  volume = {111},
  issue = {9},
  pages = {090402},
  numpages = {4},
  year = {2013},
  month = {Aug},
  publisher = {American Physical Society},
  doi = {10.1103/PhysRevLett.111.090402}
}

@book{Pearl2009Causality,
  title={Causality},
  author={Pearl, Judea},
  year={2009},
  publisher={Cambridge university press},
  isbn={052189560X}
}

@article{Percival1998Relativity,
title = {Quantum transfer functions, weak nonlocality and relativity},
journal = {Physics Letters A},
volume = {244},
number = {6},
pages = {495-501},
year = {1998},
issn = {0375-9601},
doi = {10.1016/S0375-9601(98)00353-3},
author = {Percival, Ian C.}
}

@article{Price1984AffectingPast,
  title={The philosophy and physics of affecting the past},
  author={Price, Huw},
  journal={Synthese},
  pages={299--323},
  year={1984},
  publisher={Springer},
  doi={10.1007/BF00485056}
}

@article{Price1994Neglected,
  title={A neglected route to realism about quantum mechanics},
  author={Price, Huw},
  journal={Mind},
  volume={103},
  number={411},
  pages={303--336},
  year={1994},
  publisher={Oxford University Press},
  doi={10.1093/mind/103.411.303}
}

@book{Price1996Time,
  title={Time's arrow \& Archimedes' point: new directions for the physics of time},
  author={Price, Huw},
  year={1996},
  publisher={Oxford University Press},
  isbn={0199839328}
}

@article{Price2008ToyModel,
title = {Toy models for retrocausality},
journal = {Studies in History and Philosophy of Science Part B: Studies in History and Philosophy of Modern Physics},
volume = {39},
number = {4},
pages = {752-761},
year = {2008},
issn = {1355-2198},
doi = {10.1016/j.shpsb.2008.05.006},
author = {Huw Price}
}

@article{Price2012SymmImpliesRetrocausality,
  title={Does time-symmetry imply retrocausality? How the quantum world says “Maybe”?},
  author={Price, Huw},
  journal={Studies in History and Philosophy of Science Part B: Studies in History and Philosophy of Modern Physics},
  volume={43},
  number={2},
  pages={75--83},
  year={2012},
  publisher={Elsevier},
  doi={10.1016/j.shpsb.2011.12.003}
}

@Article{Price2015Disentangling,
AUTHOR = {Price, Huw and Wharton, Ken},
TITLE = {Disentangling the Quantum World},
JOURNAL = {Entropy},
VOLUME = {17},
YEAR = {2015},
NUMBER = {11},
PAGES = {7752--7767},
DOI = {10.3390/e17117752}
}

@article{proietti2019experimental,
  title={Experimental test of local observer independence},
  author={Proietti, Massimiliano and Pickston, Alexander and Graffitti, Francesco and Barrow, Peter and Kundys, Dmytro and Branciard, Cyril and Ringbauer, Martin and Fedrizzi, Alessandro},
  journal={Science advances},
  volume={5},
  number={9},
  pages={eaaw9832},
  year={2019},
  publisher={American Association for the Advancement of Science},
  doi={10.1126/sciadv.aaw9832}
}

@article{Pusey2012Reality,
  title={On the reality of the quantum state},
  author={Pusey, Matthew F and Barrett, Jonathan and Rudolph, Terry},
  journal={Nature Physics},
  volume={8},
  number={6},
  pages={475--478},
  year={2012},
  publisher={Nature Publishing Group},
  doi={10.1038/NPHYS2309}
}

@article{Qureshi2020Demystifying,
  title={Demystifying the delayed-choice quantum eraser},
  author={Qureshi, Tabish},
  journal={European Journal of Physics},
  volume={41},
  number={5},
  pages={055403},
  year={2020},
  publisher={IOP Publishing},
  doi={10.1088/1361-6404/ab923e}
}

@article{Qureshi2021Delayed,
  title={The delayed-choice quantum eraser leaves no choice},
  author={Qureshi, Tabish},
  journal={International Journal of Theoretical Physics},
  volume={60},
  number={8},
  pages={3076--3086},
  year={2021},
  publisher={Springer},
  doi={10.1007/s10773-021-04906-w}
}

@article{relano2018decoherence,
  title={Decoherence allows quantum theory to describe the use of itself},
  author={Relano, Armando},
  journal={arXiv preprint arXiv:1810.07065},
  year={2018},
  url={https://arxiv.org/abs/1810.07065}
}

@article{rovelli1996relational,
  title={Relational quantum mechanics},
  author={Rovelli, Carlo},
  journal={International Journal of Theoretical Physics},
  volume={35},
  number={8},
  pages={1637--1678},
  year={1996},
  publisher={Springer},
  doi={10.1007/BF02302261}
}

@article{Ruebeck2020Epistemic,
    doi = {10.22331/q-2020-03-16-242},
  url = {https://doi.org/10.22331/q-2020-03-16-242},
  title = {$\psi$-epistemic interpretations of quantum theory have a measurement problem},
  author = {Ruebeck, Joshua B. and Lillystone, Piers and Emerson, Joseph},
  journal = {{Quantum}},
  issn = {2521-327X},
  publisher = {{Verein zur F{\"{o}}rderung des Open Access Publizierens in den Quantenwissenschaften}},
  volume = {4},
  pages = {242},
  month = Mar,
  year = {2020}
}

@article{Salih2013Protocol,
  title = {Protocol for Direct Counterfactual Quantum Communication},
  author = {Salih, Hatim and Li, Zheng-Hong and Al-Amri, Mohammad and Zubairy, Muhammad Suhail},
  journal = {Phys. Rev. Lett.},
  volume = {110},
  issue = {17},
  pages = {170502},
  numpages = {5},
  year = {2013},
  month = {Apr},
  publisher = {American Physical Society},
  doi = {10.1103/PhysRevLett.110.170502}
}

@article{Salih2016Qubit,
  title={Protocol for counterfactually transporting an unknown qubit},
  author={Salih, Hatim},
  journal={Frontiers in Physics},
  volume={3},
  pages={94},
  year={2016},
  publisher={Frontiers},
  doi={10.3389/fphy.2015.00094}
}

@article{Salih2018Laws,
  title={Do the laws of physics prohibit counterfactual communication?},
  author={Salih, Hatim and McCutcheon, Will and Hance, Jonte and Rarity, John},
  journal={arXiv preprint arXiv:1806.01257},
  year={2018},
  url={https://arxiv.org/abs/1806.01257}
}

@article{Salih2021EFQubit,
	doi = {10.1088/1367-2630/abd3c4},
	year = {2021},
	month = {jan},
	publisher = {{IOP} Publishing},
	volume = {23},
	number = {1},
	pages = {013004},
	author = {Hatim Salih and Jonte R Hance and Will McCutcheon and Terry Rudolph and John Rarity},
	title = {Exchange-free computation on an unknown qubit at a distance},
	journal = {New Journal of Physics}
}

@article{Salih2020DetTele,
      title={Deterministic Teleportation and Universal Computation Without Particle Exchange}, 
      author={Hatim Salih and Jonte R. Hance and Will McCutcheon and Terry Rudolph and John Rarity},
      year={2020},
      journal={arXiv preprint arXiv:2009.05564},
      url={https://arxiv.org/abs/2009.05564}
}

@article{Scarcelli_2007,
   title={Random delayed-choice quantum eraser via two-photon imaging},
   volume={44},
   ISSN={1434-6079},
   DOI={10.1140/epjd/e2007-00164-y},
   number={1},
   journal={The European Physical Journal D},
   publisher={Springer Science and Business Media LLC},
   author={Scarcelli, G. and Zhou, Y. and Shih, Y.},
   year={2007},
   month={May},
   pages={167–173}
}

@article{Schlosshauer2012Implications,
   title = {Implications of the Pusey-Barrett-Rudolph Quantum No-Go Theorem},
  author = {Schlosshauer, Maximilian and Fine, Arthur},
  journal = {Phys. Rev. Lett.},
  volume = {108},
  issue = {26},
  pages = {260404},
  numpages = {4},
  year = {2012},
  month = {Jun},
  publisher = {American Physical Society},
  doi = {10.1103/PhysRevLett.108.260404}
}

@article{Schlosshauer2013Attitudes,
title = {A snapshot of foundational attitudes toward quantum mechanics},
journal = {Studies in History and Philosophy of Science Part B: Studies in History and Philosophy of Modern Physics},
volume = {44},
number = {3},
pages = {222-230},
year = {2013},
issn = {1355-2198},
doi = {10.1016/j.shpsb.2013.04.004},
author = {Schlosshauer, Maximilian and Kofler, Johannes and Zeilinger, Anton}
}

@article{Scully1982Eraser,
  title={Quantum eraser: A proposed photon correlation experiment concerning observation and" delayed choice" in quantum mechanics},
  author={Scully, Marlan O and Dr{\"u}hl, Kai},
  journal={Physical Review A},
  volume={25},
  number={4},
  pages={2208},
  year={1982},
  publisher={APS},
  doi={10.1103/PhysRevA.25.2208}
}

@article{Schmid2020Unscrambling,
  title={Unscrambling the omelette of causation and inference: The framework of causal-inferential theories},
  author={Schmid, David and Selby, John H and Spekkens, Robert W},
  journal={arXiv preprint arXiv:2009.03297},
  year={2020},
  url={https://arxiv.org/abs/2009.03297}
  }

@article{Sebens2018OriginsEverettCarroll,
author = {Sebens, Charles T. and Carroll, Sean M.},
title = {Self-locating Uncertainty and the Origin of Probability in Everettian Quantum Mechanics},
journal = {The British Journal for the Philosophy of Science},
volume = {69},
number = {1},
pages = {25-74},
year = {2018},
doi = {10.1093/bjps/axw004}
}

@article{Sen2019Retrocausal,
  title={A Local $\psi$-Epistemic Retrocausal Hidden-Variable Model of Bell Correlations with Wavefunctions in Physical Space},
  author={Sen, Indrajit},
  journal={Foundations of Physics},
  volume={49},
  number={2},
  pages={83--95},
  year={2019},
  publisher={Springer},
  doi={10.1007/s10701-018-0231-7}
}

@inbook{Shimony1993NoSig,
place={Cambridge},
title={Controllable and uncontrollable non-locality},
volume={2},
DOI={10.1017/CBO9781139172196.010},
booktitle={The Search for a Naturalistic World View},
publisher={Cambridge University Press},
author={Shimony, Abner},
year={1993},
pages={130–139},
isbn={0521377447}
}

@article{slagle2021testing,
  title={Testing quantum mechanics using noisy quantum computers},
  author={Slagle, Kevin},
  journal={arXiv preprint arXiv:2108.02201},
  year={2021}
}

@article{smolin2012real,
  title={A real ensemble interpretation of quantum mechanics},
  author={Smolin, Lee},
  journal={Foundations of Physics},
  volume={42},
  number={10},
  pages={1239--1261},
  year={2012},
  publisher={Springer},
  doi={10.1007/s10701-012-9666-4}
}

@article{Spekkens2007EpistTot,
  title = {Evidence for the epistemic view of quantum states: A toy theory},
  author = {Spekkens, Robert W.},
  journal = {Phys. Rev. A},
  volume = {75},
  issue = {3},
  pages = {032110},
  numpages = {30},
  year = {2007},
  month = {Mar},
  publisher = {American Physical Society},
  doi = {10.1103/PhysRevA.75.032110}
}

@book{Spirtes2000Causation,
  title={Causation, prediction, and search},
  author={Spirtes, Peter and Glymour, Clark N and Scheines, Richard and Heckerman, David},
  year={2000},
  publisher={MIT press},
  isbn={0262194406}
}

@phdthesis{strader1,
  author        = "M. Strader",
  title         = "Digital Readout for Microwave Kinetic Inductance Detectors and Applications in High Time Resolution Astronomy",
  school        = "University of California Santa Barbara",
  address       = "Califoria, U.S.A.",
  month         = "September",
  year          = "2016",
  isbn={978-1-369-34052-5}
}

@article{Sutherland1983BackwardsinTime,
  title={Bell's theorem and backwards-in-time causality},
  author={Sutherland, Roderick I},
  journal={International Journal of Theoretical Physics},
  volume={22},
  number={4},
  pages={377--384},
  year={1983},
  publisher={Springer},
  doi={10.1007/BF02082904}
}

@article{Sutherland1998Density,
  title={Density formalism for quantum theory},
  author={Sutherland, Roderick I},
  journal={Foundations of Physics},
  volume={28},
  number={7},
  pages={1157--1190},
  year={1998},
  publisher={Springer},
  doi={10.1023/A:1018850120826}
}

@article{Sutherland2017HowRetroHelps,
author = {Sutherland,Roderick I. },
title = {How retrocausality helps},
journal = {AIP Conference Proceedings},
volume = {1841},
number = {1},
pages = {020001},
year = {2017},
doi = {10.1063/1.4982765}
}

@Article{Tumulka2006RelGRW,
author={Tumulka, Roderich},
title={A Relativistic Version of the Ghirardi--Rimini--Weber Model},
journal={Journal of Statistical Physics},
year={2006},
month={Nov},
day={01},
volume={125},
number={4},
pages={821-840},
issn={1572-9613},
doi={10.1007/s10955-006-9227-3}
}

@article{Valentini1991Nonequilib1,
title = {Signal-locality, uncertainty, and the subquantum H-theorem. I},
journal = {Physics Letters A},
volume = {156},
number = {1},
pages = {5-11},
year = {1991},
issn = {0375-9601},
doi = {10.1016/0375-9601(91)90116-P},
author = {Antony Valentini}
}

@article{Valentini1991Nonequilib2,
title = {Signal-locality, uncertainty, and the subquantum H-theorem. II},
journal = {Physics Letters A},
volume = {158},
number = {1},
pages = {1-8},
year = {1991},
issn = {0375-9601},
doi = {10.1016/0375-9601(91)90330-B},
author = {Antony Valentini}
}

@article{Walborn_2002,
   title={Double-slit quantum eraser},
   volume={65},
   ISSN={1094-1622},
   DOI={10.1103/physreva.65.033818},
   number={3},
   journal={Physical Review A},
   publisher={American Physical Society (APS)},
   author={Walborn, S. P. and Terra Cunha, M. O. and Pádua, S. and Monken, C. H.},
   year={2002},
   month={Feb}
}

@article{wallace2022sky,
  title={The sky is blue, and other reasons quantum mechanics is not underdetermined by evidence},
  author={Wallace, David},
  journal={arXiv preprint arXiv:2205.00568},
  year={2022},
  doi={10.48550/arXiv.2205.00568}
}

@book{weinberg1972gravitation,
  title={Gravitation and cosmology: principles and applications of the general theory of relativity},
  author={Weinberg, Steven},
  year={1972},
  publisher={Wiley},
  address={New York},
  isbn={0471925675 }
}

@article{Wharton2018NewRetro,
  title={A new class of retrocausal models},
  author={Wharton, Ken},
  journal={Entropy},
  volume={20},
  number={6},
  pages={410},
  year={2018},
  publisher={Multidisciplinary Digital Publishing Institute},
  doi={10.3390/e20060410}
}

@incollection{wheeler1978past,
  title={The “past” and the “delayed-choice” double-slit experiment},
  author={Wheeler, John Archibald},
  booktitle={Mathematical foundations of quantum theory},
  pages={9--48},
  year={1978},
  publisher={Elsevier},
  isbn={0323141188}
}

@article{Wood2015FineTuning,
  title={The lesson of causal discovery algorithms for quantum correlations: Causal explanations of Bell-inequality violations require fine-tuning},
  author={Wood, Christopher J and Spekkens, Robert W},
  journal={New Journal of Physics},
  volume={17},
  number={3},
  pages={033002},
  year={2015},
  publisher={IOP Publishing},
  doi={10.1088/1367-2630/17/3/033002}
}

@article{yaffe1982large,
  title={Large N limits as classical mechanics},
  author={Yaffe, Laurence G},
  journal={Reviews of Modern Physics},
  volume={54},
  number={2},
  pages={407},
  year={1982},
  publisher={APS},
  doi={10.1103/RevModPhys.54.407}
}

@article{zaslavsky1981stochasticity,
  title={Stochasticity in quantum systems},
  author={Zaslavsky, George M},
  journal={Physics Reports},
  volume={80},
  number={3},
  pages={157--250},
  year={1981},
  publisher={Elsevier},
  doi={10.1016/0370-1573(81)90127-7}
}

@article{zukowski2021physics,
  title={Physics and metaphysics of Wigner’s friends: even performed premeasurements have no results},
  author={{\.Z}ukowski, Marek and Markiewicz, Marcin},
  journal={Physical Review Letters},
  volume={126},
  number={13},
  pages={130402},
  year={2021},
  publisher={APS},
  doi={10.1103/PhysRevLett.126.130402}
}

@article{zurek2003decoherence,
  title={Decoherence, einselection, and the quantum origins of the classical},
  author={Zurek, Wojciech Hubert},
  journal={Reviews of modern physics},
  volume={75},
  number={3},
  pages={715},
  year={2003},
  publisher={APS},
  doi={10.1103/RevModPhys.75.715}
}

@article{zurek2018quantum,
  title={Quantum theory of the classical: quantum jumps, Born’s Rule and objective classical reality via quantum Darwinism},
  author={Zurek, Wojciech Hubert},
  journal={Philosophical Transactions of the Royal Society A: Mathematical, Physical and Engineering Sciences},
  volume={376},
  number={2123},
  pages={20180107},
  year={2018},
  publisher={The Royal Society Publishing},
  doi={10.1098/rsta.2018.0107}
}
